%author={温金玉 and 方美娥},
@article{jyWen, 
  author={温金玉 and 方美娥}, 
  journal={图学学报}, 
  title={基于机器学习的计算机辅助帕金森疾病分类预测研究综述}, 
  year={2023},
  volume={44},
  pages={1065--1079}
}
%author={Wen, Jinyu and Qin, Feiwei and Du, Jiao and Fang, Meie and Wei, Xinhua and Chen, CL Philip and Li, Ping},
@article{wen2023msgfusion,
  title={{MsgFusion}: Medical semantic guided two-branch network for multimodal brain image fusion},
  author={Wen, Jinyu and Qin, Feiwei and Du, Jiao and Fang, Meie and Wei, Xinhua and Chen, CL Philip and Li, Ping}, 
  journal={IEEE Transactions on Multimedia},
  year={2023},
  volume={26},
  pages={944-957}
}
%author={Wen, Jinyu and Li, Yang and Fang, Meie and Zhu, Lei and Feng, David Dagan and Li, Ping},
@article{wen2023fine,
  title={Fine-Grained and Multiple Classification for {A}lzheimer's Disease With Wavelet Convolution Unit Network},
  author={Wen, Jinyu and Li, Yang and Fang, Meie and Zhu, Lei and Feng, David Dagan and Li, Ping}, 
  journal={IEEE Transactions on Biomedical Engineering},
  year={2023},
  volume={70},
  number={9},
  pages={2592-2603}
}
%doi={10.1109/TIP.2024.3404660} 
@article{wen2024tip,
  title={High-Quality Fusion and Visualization for MR-PET Brain Tumor Images via Multi-Dimensional Features},
  author={Wen, Jinyu and Khan, Asad and Chen, Amei and Peng, WeilongFang, Meie and Li, Ping and Chen, C. L. Philip}, 
  journal={IEEE Transactions on Image Processing },
  year={May 2024, published online, DOI: 10.1109/TIP.2024.3404660.},
}
@phdthesis{ameiPhdthesis,
  title={基于DTI的早期PD伴快动眼睡眠行为障碍神经机制研究及PD疾病进展预测模型构建},
  author={陈阿梅},
  school={暨南大学},
  year={2022}
}

@article{lambin2012radiomics,
  title={Radiomics: extracting more information from medical images using advanced feature analysis},
  author={Lambin, Philippe and Rios-Velazquez, Emmanuel and Leijenaar, Ralph and Carvalho, Sara and Van Stiphout, Ruud GPM and Granton, Patrick and Zegers, Catharina ML and Gillies, Robert and Boellard, Ronald and Dekker, Andr{\'e} and others},
  journal={European Journal of Cancer},
  volume={48},
  number={4},
  pages={441--446},
  year={2012}
}
@article{lo2019computer,
  title={Computer-aided detection of hyperacute stroke based on relative radiomic patterns in computed tomography},
  author={Lo, Chung-Ming and Hung, Peng-Hsiang and Hsieh, Kevin Li-Chun},
  journal={Applied Sciences},
  volume={9},
  number={8},
  pages={1668},
  year={2019}
}


@InProceedings{Zhao_2023_CVPR, 
  author = {Zhao, Zixiang and Bai, Haowen and Zhang, Jiangshe and Zhang, Yulun and Xu, Shuang and Lin, Zudi and Timofte, Radu and Van Gool, Luc}, 
  title = {{CDDFuse}: Correlation-Driven Dual-Branch Feature Decomposition for Multi-Modality Image Fusion}, 
  booktitle = {IEEE Conference on Computer Vision and Pattern Recognition}, 
  year = {2023}, 
  pages = {5906-5916} 
}
@article{XuTPAMI2022,
  author={Xu, Han and Ma, Jiayi and Jiang, Junjun and Guo, Xiaojie and Ling, Haibin},
  journal={IEEE Transactions on Pattern Analysis and Machine Intelligence}, 
  title={{U2F}usion: A Unified Unsupervised Image Fusion Network}, 
  year={2022},
  volume={44},
  number={1},
  pages={502-518}
}
@InProceedings{LiangECCV2022,
  author={Liang, Pengwei and Jiang, Junjun and Liu, Xianming and Ma, Jiayi},
  title={Fusion from Decomposition: A Self-Supervised Decomposition Approach for Image Fusion},
  booktitle={ European Conference on Computer Vision},
  year={2022},
  Volume = {13678},
  pages={719--735},
}
@inproceedings{ronneberger2015u,
  title={U-net: Convolutional networks for biomedical image segmentation},
  author={Ronneberger, Olaf and Fischer, Philipp and Brox, Thomas},
  booktitle={Medical Image Computing and Computer-Assisted Intervention},
  pages={234--241},
  year={2015},
}
@inproceedings{long2015fully,
  title={Fully convolutional networks for semantic segmentation},
  author={Long, Jonathan and Shelhamer, Evan and Darrell, Trevor},
  booktitle={Proceedings of the IEEE Conference on Computer Vision and Pattern Recognition},
  pages={3431--3440},
  year={2015}
}
@book{Hazay_2010_Efficient,
  title = {Efficient Secure Two-Party Protocols: Techniques and Constructions},
  author = {Hazay, Carmit and Lindell, Yehuda},
  year = {2010},
  pages={1--262},
  publisher = {Springer Berlin Heidelberg},
  copyright = {Springer-Verlag Berlin Heidelberg 2010},
  language = {en}
}
@article{lecun2015deep,
  title={Deep learning},
  author={LeCun, Yann and Bengio, Yoshua and Hinton, Geoffrey},
  journal={Nature},
  volume={521},
  number={7553},
  pages={436--444},
  year={2015}
}
@article{bunaciu2015x,
  title={X-ray diffraction: instrumentation and applications},
  author={Bunaciu, Andrei A and Udri{\c{S}}Tioiu, Elena Gabriela and Aboul-Enein, Hassan Y},
  journal={Critical Reviews in Analytical Chemistry},
  volume={45},
  number={4},
  pages={289--299},
  year={2015}
}
@book{warren1990x,
  title={X-ray Diffraction},
  author={Warren, Bertram Eugene},
  year={1990},
  pages={1--215},
  publisher={Courier Corporation}
}
@article{newman1998history,
  title={The history of ultrasound},
  author={Newman, Paul G and Rozycki, Grace S},
  journal={Surgical Vlinics of North America},
  volume={78},
  number={2},
  pages={179--195},
  year={1998}
}
@article{haider1998electron,
  title={Electron microscopy image enhanced},
  author={Haider, Maximilian and Uhlemann, Stephan and Schwan, Eugen and Rose, Harald and Kabius, Bernd and Urban, Knut},
  journal={Nature},
  volume={392},
  number={6678},
  pages={768--769},
  year={1998}
}
@article{boyd1983cardiac,
  title={Cardiac computed tomography},
  author={Boyd, Douglas P and Lipton, Martin J},
  journal={Proceedings of the IEEE},
  volume={71},
  number={3},
  pages={298--307},
  year={1983}
}
@article{young1984nuclear,
  title={Nuclear magnetic resonance imaging},
  author={Young, Ian},
  journal={Electronics and Power},
  volume={30},
  number={3},
  pages={205--210},
  year={1984}
}
@article{jaszczak1980spect,
  title={{SPECT}: Single photon emission computed tomography},
  author={Jaszczak, Ronald J and Coleman, R Edward and Lim, Chun Bin},
  journal={IEEE Transactions on Nuclear Science},
  volume={27},
  number={3},
  pages={1137--1153},
  year={1980}
}
@article{raichle1983positron,
  title={Positron emission tomography},
  author={Raichle, Marcus E},
  journal={Annual Review of Neuroscience},
  volume={6},
  number={1},
  pages={249--267},
  year={1983}
}
@article{xenakis1996neglected,
  title={Neglected congenital dislocation of the hip: role of computed tomography and computer-aided design for total hip arthroplasty},
  author={Xenakis, Theodore A and Gelalis, Ioannis D and Koukoubis, Theodosios D and Soucacos, Panayotis N and Vartziotis, Kostas and Kontoyiannis, Dimitrios and Tatsis, Christos},
  journal={The Journal of Arthroplasty},
  volume={11},
  number={8},
  pages={893--898},
  year={1996}
}
@article{weiss1978model,
  title={A model-based method for computer-aided medical decision-making},
  author={Weiss, Sholom M and Kulikowski, Casimir A and Amarel, Saul and Safir, Aran},
  journal={Artificial Intelligence},
  volume={11},
  number={1-2},
  pages={145--172},
  year={1978}
}
@article{kanthraj1997comparison,
  title={Comparison of computer-aided design and rule of nines methods in the evaluation of the extent of body involvement in cutaneous lesions},
  author={Kanthraj, GR and Srinivas, Chakravarthy R and Shenoi, Shrutakirthi D and Deshmukh, RP and Suresh, B},
  journal={Archives of Dermatology},
  volume={133},
  number={7},
  pages={922--923},
  year={1997}
}
@article{economou2001new,
  title={A new concept toward computer-aided medical diagnosis-a prototype implementation addressing pulmonary diseases},
  author={Economou, G-P and Lymberopoulos, Dimitris and Karavatselou, Evy and Chassomeris, Costas},
  journal={IEEE Transactions on Information Technology in Biomedicine},
  volume={5},
  number={1},
  pages={55--65},
  year={2001}
}
@article{pham2000current,
  title={Current methods in medical image segmentation},
  author={Pham, Dzung L and Xu, Chenyang and Prince, Jerry L},
  journal={Annual review of biomedical engineering},
  volume={2},
  number={1},
  pages={315--337},
  year={2000}
}
@article{sharma2010automated,
  title={Automated medical image segmentation techniques},
  author={Sharma, Neeraj and Aggarwal, Lalit M},
  journal={Journal of Medical Physics},
  volume={35},
  number={1},
  pages={3--14},
  year={2010}
}
@inproceedings{zhou2018unet++,
  title={{Unet++}: A nested u-net architecture for medical image segmentation},
  author={Zhou, Zongwei and Rahman Siddiquee, Md Mahfuzur and Tajbakhsh, Nima and Liang, Jianming},
  booktitle={Deep Learning in Medical Image Analysis and Multimodal Learning for Clinical Decision Support},
  pages={3--11},
  year={2018}
}
@online{chen2021transunet,
  title        = {Transunet: Transformers make strong encoders for medical image segmentation},
  author       = {Chen, Jieneng and Lu, Yongyi and Yu, Qihang and Luo, Xiangde and Adeli, Ehsan and Wang, Yan and Lu, Le and Yuille, Alan L and Zhou, Yuyin},
  year         = {2021},
  url          = {https://doi.org/10.48550/arXiv.2102.04306},
  eprinttype   = {arXiv},
  eprintclass  = {cs.CV},
  eprint       = {2102.04306},
  pages={1--13},
}

@article{hill2001medical,
  title={Medical image registration},
  author={ Hill, Derek L G  and  Batchelor, Philipp G  and  Holden, Mark  and  Hawkes, David J },
  journal={Physics in Medicine and Biology},
  volume={31},
  number={4},
  pages={1--45},
  year={2008}
}
@article{balakrishnan2019voxelmorph,
  title={{VoxelMorph}: a learning framework for deformable medical image registration},
  author={Balakrishnan, Guha and Zhao, Amy and Sabuncu, Mert R and Guttag, John and Dalca, Adrian V},
  journal={IEEE Transactions on Medical Imaging},
  volume={38},
  number={8},
  pages={1788--1800},
  year={2019}
}
@article{ashburner2007fast,
  title={A fast diffeomorphic image registration algorithm},
  author={Ashburner, John},
  journal={Neuroimage},
  volume={38},
  number={1},
  pages={95--113},
  year={2007}
}
@article{pajares2004wavelet,
  title={A wavelet-based image fusion tutorial},
  author={Pajares, Gonzalo and De La Cruz, Jesus Manuel},
  journal={Pattern Recognition},
  volume={37},
  number={9},
  pages={1855--1872},
  year={2004}
}
@article{dogra2023multi,
  title={Multi-modality medical image fusion based on guided filter and image statistics in multidirectional shearlet transform domain},
  author={Dogra, Ayush and Kumar, Sanjeev},
  journal={Journal of Ambient Intelligence and Humanized Computing},
  volume={14},
  number={9},
  pages={12191--12205},
  year={2023}
}
@article{anwar2018medical,
  title={Medical image analysis using convolutional neural networks: a review},
  author={Anwar, Syed Muhammad and Majid, Muhammad and Qayyum, Adnan and Awais, Muhammad and Alnowami, Majdi and Khan, Muhammad Khurram},
  journal={Journal of Medical Systems},
  volume={42},
  pages={1--13},
  year={2018}
}
@article{piella2003general,
  title={A general framework for multiresolution image fusion: from pixels to regions},
  author={Piella, Gemma},
  journal={Information Fusion},
  volume={4},
  number={4},
  pages={259--280},
  year={2003}
}
@article{tang2022image,
  title={Image fusion in the loop of high-level vision tasks: A semantic-aware real-time infrared and visible image fusion network},
  author={Tang, Linfeng and Yuan, Jiteng and Ma, Jiayi},
  journal={Information Fusion},
  volume={82},
  pages={28--42},
  year={2022}
}
@article{dai2021transmed,
  title={Transmed: Transformers advance multi-modal medical image classification},
  author={Dai, Yin and Gao, Yifan and Liu, Fayu},
  journal={Diagnostics},
  volume={11},
  number={8},
  pages={1384:1--1384:15},
  year={2021}
}
@article{frid2018gan,
  title={{GAN-based} synthetic medical image augmentation for increased {CNN} performance in liver lesion classification},
  author={Frid-Adar, Maayan and Diamant, Idit and Klang, Eyal and Amitai, Michal and Goldberger, Jacob and Greenspan, Hayit},
  journal={Neurocomputing},
  volume={321},
  pages={321--331},
  year={2018}
}
@article{sirinukunwattana2016locality,
  title={Locality sensitive deep learning for detection and classification of nuclei in routine colon cancer histology images},
  author={Sirinukunwattana, Korsuk and Raza, Shan E Ahmed and Tsang, Yee-Wah and Snead, David RJ and Cree, Ian A and Rajpoot, Nasir M},
  journal={IEEE Transactions on Medical Imaging},
  volume={35},
  number={5},
  pages={1196--1206},
  year={2016}
}
@inproceedings{wang2017chestx,
  title={Chestx-ray8: Hospital-scale chest x-ray database and benchmarks on weakly-supervised classification and localization of common thorax diseases},
  author={Wang, Xiaosong and Peng, Yifan and Lu, Le and Lu, Zhiyong and Bagheri, Mohammadhadi and Summers, Ronald M},
  booktitle={IEEE Conference on Computer Vision and Pattern Recognition},
  pages={2097--2106},
  year={2017}
}
@inproceedings{khirade2015plant,
  title={Plant disease detection using image processing},
  author={Khirade, Sachin D and Patil, AB},
  booktitle={International Conference on Computing Communication Control and Automation},
  pages={768--771},
  year={2015}
}
@article{gaitonde2017chronic,
  title={Chronic kidney disease: detection and evaluation},
  author={Gaitonde, David Y and Cook, David L and Rivera, Ian M},
  journal={American Family Physician},
  volume={96},
  number={12},
  pages={776--783},
  year={2017}
}
@article{ferentinos2018deep,
  title={Deep learning models for plant disease detection and diagnosis},
  author={Ferentinos, Konstantinos P},
  journal={Computers and Electronics in Agriculture},
  volume={145},
  pages={311--318},
  year={2018}
}
@article{de2007disease,
  title={Disease cycle approach to plant disease prediction},
  author={De Wolf, Erick D and Isard, Scott A},
  journal={Annual Review of Phytopathology },
  volume={45},
  pages={203--220},
  year={2007}
}
@inproceedings{dahiwade2019designing,
  title={Designing disease prediction model using machine learning approach},
  author={Dahiwade, Dhiraj and Patle, Gajanan and Meshram, Ektaa},
  booktitle={International Conference on Computing Methodologies and Communication},
  pages={1211--1215},
  year={2019}
}
@inproceedings{chen2011hdps,
  title={{HDPS}: Heart disease prediction system},
  author={Chen, Austin H and Huang, Shu-Yi and Hong, Pei-Shan and Cheng, Chieh-Hao and Lin, En-Ju},
  booktitle={Computing in Cardiology},
  pages={557--560},
  year={2011}
}
@article{shah2020heart,
  title={Heart disease prediction using machine learning techniques},
  author={Shah, Devansh and Patel, Samir and Bharti, Santosh Kumar},
  journal={SN Computer Science},
  volume={1},
  pages={1--6},
  year={2020}
}
@article{krishnamoorthi2022novel,
  title={A novel diabetes healthcare disease prediction framework using machine learning techniques},
  author={Krishnamoorthi, Raja and Joshi, Shubham and Almarzouki, Hatim Z and Shukla, Piyush Kumar and Rizwan, Ali and Kalpana, C and Tiwari, Basant and others},
  journal={Journal of Healthcare Engineering},
  volume={2022},
  pages={1--10},
  year={2022}
}
@article{jin2016medical,
  title={Medical image fusion in gradient domain with structure tensor},
  author={Jin, Zhenyi and Wang, Yuanjun and Chen, Zengai and Nie, Shengdong},
  journal={Journal of Medical Imaging and Health Informatics},
  volume={6},
  number={5},
  pages={1314--1318},
  year={2016}
}
@article{matsopoulos1994multiresolution,
  title={Multiresolution morphological fusion of {MR} and {CT} images of the human brain},
  author={Matsopoulos, GK and Marshall, S and Brunt, JNH},
  journal={IEE Proceedings-Vision, Image and Signal Processing},
  volume={141},
  number={3},
  pages={137--142},
  year={1994},
}
@article{li2017pixel,
  title={Pixel-level image fusion: {A} survey of the state of the art},
  author={Li, Shutao and Kang, Xudong and Fang, Leyuan and Hu, Jianwen and Yin, Haitao},
  journal={Information Fusion},
  volume={33},
  pages={100--112},
  year={2017}
}
@article{singh2014fusion,
  title={Fusion of multimodal medical images using Daubechies complex wavelet transform--{A} multiresolution approach},
  author={Singh, Rajiv and Khare, Ashish},
  journal={Information Fusion},
  volume={19},
  pages={49--60},
  year={2014}
}
@article{yin2018medical,
  title={Medical image fusion with parameter-adaptive pulse coupled neural network in nonsubsampled shearlet transform domain},
  author={Yin, Ming and Liu, Xiaoning and Liu, Yu and Chen, Xun},
  journal={IEEE Transactions on Instrumentation and Measurement},
  volume={68},
  number={1},
  pages={49--64},
  year={2018}
}
@article{liu2015general,
  title={A general framework for image fusion based on multi-scale transform and sparse representation},
  author={Liu, Yu and Liu, Shuping and Wang, Zengfu},
  journal={Information Fusion},
  volume={24},
  pages={147--164},
  year={2015}
}
@article{maqsood2020multi,
  title={Multi-modal medical image fusion based on two-scale image decomposition and sparse representation},
  author={Maqsood, Sarmad and Javed, Umer},
  journal={Biomedical Signal Processing and Control},
  volume={57},
  pages={101810:1--101810:8},
  year={2020}
}
@article{li2021medical,
  title={Medical image fusion using segment graph filter and sparse representation},
  author={Li, Qiaoqiao and Wang, Weilan and Chen, Guoyue and Zhao, Dongdong},
  journal={Computers in Biology and Medicine},
  volume={131},
  pages={104239:1--104239:10},
  year={2021}
}

@article{mukhopadhyay2001fusion,
  title={Fusion of {2D} grayscale images using multiscale morphology},
  author={Mukhopadhyay, Susanta and Chanda, Bhabatosh},
  journal={Pattern Recognition},
  volume={34},
  number={10},
  pages={1939--1949},
  year={2001}
}
@article{liu2019medical,
  title={Medical image fusion via convolutional sparsity based morphological component analysis},
  author={Liu, Yu and Chen, Xun and Ward, Rabab K and Wang, Z Jane},
  journal={IEEE Signal Processing Letters},
  volume={26},
  number={3},
  pages={485--489},
  year={2019}
}
@article{ali2015multi,
  title={Multi-resolution {MRI} brain image segmentation based on morphological pyramid and fuzzy c-mean clustering},
  author={Ali, Hala and Elmogy, Mohammed and El-Daydamony, Eman and Atwan, Ahmed},
  journal={Arabian Journal for Science and Engineering},
  volume={40},
  pages={3173--3185},
  year={2015}
}
@article{dou2007framework,
  title={A framework of fuzzy information fusion for the segmentation of brain tumor tissues on {MR} images},
  author={Dou, Weibei and Ruan, Su and Chen, Yanping and Bloyet, Daniel and Constans, Jean-Marc},
  journal={Image and vision Computing},
  volume={25},
  number={2},
  pages={164--171},
  year={2007}
}
@article{hu2021fuzzy,
  title={Fuzzy system based medical image processing for brain disease prediction},
  author={Hu, Mandong and Zhong, Yi and Xie, Shuxuan and Lv, Haibin and Lv, Zhihan},
  journal={Frontiers in Neuroscience},
  volume={15},
  pages={714318:1--714318:15},
  year={2021}
}
@article{velmurugan2018multimodality,
  title={Multimodality image fusion using centre-based genetic algorithm and fuzzy logic},
  author={Velmurugan, Subbiah Parvathy and Sivakumar, Pothiraj and Rajasekaran, Murugan Pallikonda},
  journal={International Journal of Biomedical Engineering and Technology},
  volume={28},
  number={4},
  pages={322--348},
  year={2018}
}
@article{biswas2018medical,
  title={Medical image fusion using {PCNN} and Poisson-hidden Markov model},
  author={Biswas, Biswajit and Sen, Biplab Kanti},
  journal={International Journal of Signal and Imaging Systems Engineering},
  volume={11},
  number={2},
  pages={73--84},
  year={2018}
}
@article{jasti2022computational,
  title={Computational technique based on machine learning and image processing for medical image analysis of breast cancer diagnosis},
  author={Jasti, V Durga Prasad and Zamani, Abu Sarwar and Arumugam, K and Naved, Mohd and Pallathadka, Harikumar and Sammy, F and Raghuvanshi, Abhishek and Kaliyaperumal, Karthikeyan},
  journal={Security and Communication Networks},
  volume={2022},
  pages={1--7},
  year={2022}
}
@book{raja2020artificial,
  title={Artificial intelligence and machine learning in {2D/3D} medical image processing},
  author={Raja, Rohit and Kumar, Sandeep and Rani, Shilpa and Laxmi, K Ramya},
  year={2020},
  pages={1--195},
  publisher={CRC Press}
}
@article{alseelawi2022novel,
  title={A Novel Method of Multimodal Medical Image Fusion Based on Hybrid Approach of {NSCT} and {DTCWT}},
  author={Alseelawi, Nawar and Hazim, Hussein Tuama and Salim ALRikabi, Haider TH},
  journal={International Journal of Online and Biomedical Engineering},
  volume={18},
  number={3},
  year={2022}
}
@article{tang2019augmentation,
  title={An augmentation strategy for medical image processing based on statistical shape model and 3D thin plate spline for deep learning},
  author={Tang, Zhixian and Chen, Kun and Pan, Mingyuan and Wang, Manning and Song, Zhijian},
  journal={IEEE Access},
  volume={7},
  pages={133111--133121},
  year={2019}
}
@article{diwakar2021latest,
  title={Latest trends on heart disease prediction using machine learning and image fusion},
  author={Diwakar, Manoj and Tripathi, Amrendra and Joshi, Kapil and Memoria, Minakshi and Singh, Prabhishek and others},
  journal={Materials Today: Proceedings},
  volume={37},
  pages={3213--3218},
  year={2021}
}

@article{rajalingam2018multimodal,
  title={Multimodal medical image fusion based on deep learning neural network for clinical treatment analysis},
  author={Rajalingam, B and Priya, R},
  journal={International Journal of ChemTech Research},
  volume={11},
  number={06},
  pages={160--176},
  year={2018}
}
@article{liu2018deep,
  title={Deep learning for pixel-level image fusion: {Recent} advances and future prospects},
  author={Liu, Yu and Chen, Xun and Wang, Zengfu and Wang, Z Jane and Ward, Rabab K and Wang, Xuesong},
  journal={Information Fusion},
  volume={42},
  pages={158--173},
  year={2018}
}
@article{kaur2021multi,
  title={Multi-modality medical image fusion technique using multi-objective differential evolution based deep neural networks},
  author={Kaur, Manjit and Singh, Dilbag},
  journal={Journal of Ambient Intelligence and Humanized Computing},
  volume={12},
  pages={2483--2493},
  year={2021}
}
@article{xia2019novel,
  title={A novel improved deep convolutional neural network model for medical image fusion},
  author={Xia, Kai-jian and Yin, Hong-sheng and Wang, Jiang-qiang},
  journal={Cluster Computing},
  volume={22},
  pages={1515--1527},
  year={2019}
}
@article{zhou2023deep,
  title={Deep learning methods for medical image fusion: A review},
  author={Zhou, Tao and Cheng, QianRu and Lu, HuiLing and Li, Qi and Zhang, XiangXiang and Qiu, Shi},
  journal={Computers in Biology and Medicine},
  pages={106959:1--106959:15},
  year={2023}
}
@article{rajalingam2022intelligent,
  title={Intelligent multimodal medical image fusion with deep guided filtering},
  author={Rajalingam, B and Al-Turjman, Fadi and Santhoshkumar, R and Rajesh, M},
  journal={Multimedia Systems},
  volume={28},
  number={4},
  pages={1449--1463},
  year={2022}
}

@article{zhou2023gan,
  title={{GAN} review: Models and medical image fusion applications},
  author={Zhou, Tao and Li, Qi and Lu, Huiling and Cheng, Qianru and Zhang, Xiangxiang},
  journal={Information Fusion},
  volume={91},
  pages={134--148},
  year={2023}
}
@article{huang2020mgmdcgan,
  title={{MGMDcGAN}: medical image fusion using multi-generator multi-discriminator conditional generative adversarial network},
  author={Huang, Jun and Le, Zhuliang and Ma, Yong and Fan, Fan and Zhang, Hao and Yang, Lei},
  journal={IEEE Access},
  volume={8},
  pages={55145--55157},
  year={2020}
}
@article{ma2020ddcgan,
  title={{DDcGAN}: A dual-discriminator conditional generative adversarial network for multi-resolution image fusion},
  author={Ma, Jiayi and Xu, Han and Jiang, Junjun and Mei, Xiaoguang and Zhang, Xiao-Ping},
  journal={IEEE Transactions on Image Processing},
  volume={29},
  pages={4980--4995},
  year={2020}
}
@article{wang2021dicyc,
  title={{DiCyc}: {GAN-based} deformation invariant cross-domain information fusion for medical image synthesis},
  author={Wang, Chengjia and Yang, Guang and Papanastasiou, Giorgos and Tsaftaris, Sotirios A and Newby, David E and Gray, Calum and Macnaught, Gillian and MacGillivray, Tom J},
  journal={Information Fusion},
  volume={67},
  pages={147--160},
  year={2021}
}
@article{wang2020multi,
  title={Multi-modality medical image fusion using convolutional neural network and contrast pyramid},
  author={Wang, Kunpeng and Zheng, Mingyao and Wei, Hongyan and Qi, Guanqiu and Li, Yuanyuan},
  journal={Sensors},
  volume={20},
  number={8},
  pages={2169},
  year={2020}
}
@article{el2021efficient,
  title={Efficient fusion of medical images based on {CNN}},
  author={El-Sayed, Fathi and El-Shafai, Walid and Elsayed Taha, Taha and others},
  journal={Menoufia Journal of Electronic Engineering Research},
  volume={30},
  number={2},
  pages={79--83},
  year={2021}
}
@article{li2021novel,
  title={A novel multi-modal medical image fusion algorithm},
  author={Li, Xinhua and Zhao, Jing},
  journal={Journal of Ambient Intelligence and Humanized Computing},
  volume={12},
  pages={1995--2002},
  year={2021}
}
@article{zhang2023medical,
  title={Medical image fusion based on quasi-cross bilateral filtering},
  author={Zhang, Yi and Wang, Meng and Xia, Xunpeng and Sun, Dandan and Zhou, Xinhong and Wang, Yao and Dai, Qian and Jin, Mingming and Liu, Liu and Huang, Gang},
  journal={Biomedical Signal Processing and Control},
  volume={80},
  pages={104259:1--104259:10},
  year={2023}
}
@article{wang2011multi,
  title={A Multi-focus Image Fusion Method Based on Laplacian Pyramid},
  author={Wang, Wencheng and Chang, Faliang},
  journal={Journal of Compututers},
  volume={6},
  number={12},
  pages={2559--2566},
  year={2011}
}
@inproceedings{sahu2014medical,
  title={Medical image fusion with Laplacian pyramids},
  author={Sahu, Akanksha and Bhateja, Vikrant and Krishn, Abhinav and others},
  booktitle={International Conference on Medical Imaging, M-health and Emerging Communication Systems},
  pages={448--453},
  year={2014}
}
@article{mi2021medical,
  title={Medical image fusion based on {DTNP} systems and Laplacian pyramid},
  author={Mi, Siheng and Zhang, Li and Peng, Hong and Wang, Jun},
  journal={Journal of Membrane Computing},
  volume={3},
  pages={284--295},
  year={2021}
}
@article{jiang2023lightweight,
  title={A lightweight multimode medical image fusion method using similarity measure between intuitionistic fuzzy sets joint laplacian pyramid},
  author={Jiang, Qian and Jin, Xin and Cui, Xiaohui and Yao, Shaowen and Li, Keqin and Zhou, Wei},
  journal={IEEE Transactions on Emerging Topics in Computational Intelligence},
  volume={7},
  number={3},
  pages={631-647},
  year={2023}
}
@inproceedings{lahoud2019zero,
  title={Zero-learning fast medical image fusion},
  author={Lahoud, Fayez and S{\"u}sstrunk, Sabine},
  booktitle={International Conference on Information Fusion},
  pages={1--8},
  year={2019}
}
@article{gray2012multi,
  title={Multi-region analysis of longitudinal {FDG-PET} for the classification of {A}lzheimer's disease},
  author={Gray, Katherine R and Wolz, Robin and Heckemann, Rolf A and Aljabar, Paul and Hammers, Alexander and Rueckert, Daniel and {A}lzheimer's Disease Neuroimaging Initiative and others},
  journal={NeuroImage},
  volume={60},
  number={1},
  pages={221--229},
  year={2012}
}
@inproceedings{gray2011regional,
  title={Regional analysis of {FDG-PET} for use in the classification of {A}lzheimer's disease},
  author={Gray, Katherine R and Wolz, Robin and Keihaninejad, Shiva and Heckemann, Rolf A and Aljabar, Paul and Hammers, Alexander and Rueckert, Daniel},
  booktitle={2011 IEEE International Symposium on Biomedical Imaging: From Nano to Macro},
  pages={1082--1085},
  year={2011}
}
@inproceedings{garali2015region,
  title={Region-based brain selection and classification on pet images for {A}lzheimer's disease computer aided diagnosis},
  author={Garali, Imene and Adel, Mouloud and Bourennane, Salah and Guedj, Eric},
  booktitle={IEEE international Conference on Image Processing },
  pages={1473--1477},
  year={2015}
}
@article{feng2021extracting,
  title={Extracting {ROI-based} contourlet subband energy feature from the sMRI image for {A}lzheimer’s disease classification},
  author={Feng, Jinwang and Zhang, Shao-Wu and Chen, Luonan},
  journal={IEEE/ACM Transactions on Computational Biology and Bioinformatics},
  volume={19},
  number={3},
  pages={1627--1639},
  year={2021}
}
@article{so2019deep,
  title={Deep learning for {A}lzheimer’s disease classification using texture features},
  author={So, Jae-Hong and Madusanka, Nuwan and Choi, Heung-Kook and Choi, Boo-Kyeong and Park, Hyeon-Gyun},
  journal={Current Medical Imaging},
  volume={15},
  number={7},
  pages={689--698},
  year={2019}
}
@inproceedings{suk2013deep,
  title={Deep learning-based feature representation for {AD/MCI} classification},
  author={Suk, Heung-Il and Shen, Dinggang},
  booktitle={Medical Image Computing and Computer-Assisted Intervention},
  pages={583--590},
  year={2013}
}
@article{suk2014hierarchical,
  title={Hierarchical feature representation and multimodal fusion with deep learning for AD/MCI diagnosis},
  author={Suk, Heung-Il and Lee, Seong-Whan and Shen, Dinggang and {A}lzheimer's Disease Neuroimaging Initiative and others},
  journal={NeuroImage},
  volume={101},
  pages={569--582},
  year={2014}
}
@article{tufail2021classification,
  title={Classification of initial stages of {A}lzheimer’s disease through pet neuroimaging modality and deep learning: quantifying the impact of image filtering approaches},
  author={Tufail, Ahsan Bin and Ma, Yong-Kui and Kaabar, Mohammed KA and Rehman, Ateeq Ur and Khan, Rahim and Cheikhrouhou, Omar},
  journal={Mathematics},
  volume={9},
  number={23},
  pages={3101:1--3101:16},
  year={2021}
}
@article{shamrat2023alzheimernet,
  title={{AlzheimerNet}: An effective deep learning based proposition for {A}lzheimer’s disease stages classification from functional brain changes in magnetic resonance images},
  author={Shamrat, FM Javed Mehedi and Akter, Shamima and Azam, Sami and Karim, Asif and Ghosh, Pronab and Tasnim, Zarrin and Hasib, Khan Md and De Boer, Friso and Ahmed, Kawsar},
  journal={IEEE Access},
  volume={11},
  pages={16376--16395},
  year={2023}
}
@article{helaly2021deep,
  title={Deep learning approach for early detection of {A}lzheimer’s disease},
  author={Helaly, Hadeer A and Badawy, Mahmoud and Haikal, Amira Y},
  journal={Cognitive Computation},
  pages={1--17},
  year={2021}
}
@inproceedings{song2019graph,
  title={Graph convolutional neural networks for {A}lzheimer’s disease classification},
  author={Song, Tzu-An and Chowdhury, Samadrita Roy and Yang, Fan and Jacobs, Heidi and El Fakhri, Georges and Li, Quanzheng and Johnson, Keith and Dutta, Joyita},
  booktitle={IEEE International Symposium on Biomedical Imaging},
  pages={414--417},
  year={2019}
}
@article{parmar2020spatiotemporal,
  title={Spatiotemporal feature extraction and classification of {A}lzheimer’s disease using deep learning 3D-CNN for fMRI data},
  author={Parmar, Harshit and Nutter, Brian and Long, Rodney and Antani, Sameer and Mitra, Sunanda},
  journal={Journal of Medical Imaging},
  volume={7},
  number={5},
  pages={056001--056001},
  year={2020}
}
@article{pan2020early,
  title={Early detection of {A}lzheimer’s disease using magnetic resonance imaging: a novel approach combining convolutional neural networks and ensemble learning},
  author={Pan, Dan and Zeng, An and Jia, Longfei and Huang, Yin and Frizzell, Tory and Song, Xiaowei},
  journal={Frontiers in Neuroscience},
  volume={14},
  pages={501050:1--501050:19},
  year={2020}
}
@article{basaia2019automated,
  title={Automated classification of {A}lzheimer's disease and mild cognitive impairment using a single {MRI} and deep neural networks},
  author={Basaia, Silvia and Agosta, Federica and Wagner, Luca and Canu, Elisa and Magnani, Giuseppe and Santangelo, Roberto and Filippi, Massimo and {A}lzheimer's Disease Neuroimaging Initiative and others},
  journal={NeuroImage: Clinical},
  volume={21},
  pages={101645:1--101645:8},
  year={2019}
}
@inproceedings{ruiz20203d,
  title={3D DenseNet ensemble in 4-way classification of {A}lzheimer’s disease},
  author={Ruiz, Juan and Mahmud, Mufti and Modasshir, Md and Shamim Kaiser, M and {A}lzheimer’s Disease Neuroimaging Initiative, for the},
  booktitle={Brain Informatics: International Conference},
  pages={85--96},
  year={2020}
}
@online{khvostikov20183d,
  title        = {{3D} inception-based {CNN} with {sMRI} and {MD-DTI} data fusion for {A}lzheimer's disease diagnostics},
  author       = {Khvostikov, Alexander and Aderghal, Karim and Krylov, Andrey and Catheline, Gwenaelle and Benois-Pineau, Jenny},
  year         = {2018},
  url          = {https://doi.org/10.48550/arXiv.1809.03972},
  eprinttype   = {arXiv},
  eprintclass  = {cs.CV},
  eprint       = {1809.03972},
  pages={1--13},
}
@inproceedings{korolev2017residual,
  title={Residual and plain convolutional neural networks for 3D brain {MRI} classification},
  author={Korolev, Sergey and Safiullin, Amir and Belyaev, Mikhail and Dodonova, Yulia},
  booktitle={International Symposium on Biomedical Imaging},
  pages={835--838},
  year={2017}
}
@inproceedings{fu2021automated,
  title={Automated classification of {A}lzheimer’s disease based on {MRI} image processing using convolutional neural network ({CNN}) with AlexNet architecture},
  author={Fu’adah, Yunendah Nur and Wijayanto, I and Pratiwi, NKC and Taliningsih, FF and Rizal, S and Pramudito, MA},
  booktitle={Journal of Physics: Conference Series},
  volume={1844},
  number={1},
  pages={012020:1--012020:9},
  year={2021}
}
@article{ramzan2020deep,
  title={A deep learning approach for automated diagnosis and multi-class classification of {A}lzheimer’s disease stages using resting-state fMRI and residual neural networks},
  author={Ramzan, Farheen and Khan, Muhammad Usman Ghani and Rehmat, Asim and Iqbal, Sajid and Saba, Tanzila and Rehman, Amjad and Mehmood, Zahid},
  journal={Journal of Medical Systems},
  volume={44},
  pages={1--16},
  year={2020}
}
@article{papagno2018cognitive,
  title={Cognitive and behavioral disorders in {P}arkinson’s disease: an update. {I}: cognitive impairments},
  author={Papagno, Costanza and Trojano, Luigi},
  journal={Neurological Sciences},
  volume={39},
  number={2},
  pages={215--223},
  year={2018}
}
@article{de2019prognosis,
  title={Prognosis and neuropathologic correlation of clinical subtypes of {P}arkinson disease},
  author={De Pablo-Fern{\'a}ndez, Eduardo and Lees, Andrew J and Holton, Janice L and Warner, Thomas T},
  journal={Journal of the American Medical Association Neurology},
  volume={76},
  number={4},
  pages={470--479},
  year={2019}
}
@article{prusiner2001neurodegenerative,
  title={Neurodegenerative diseases and prions},
  author={Prusiner, Stanley B},
  journal={New England Journal of Medicine},
  volume={344},
  number={20},
  pages={1516--1526},
  year={2001}
}
@article{leroy1998deletions,
  title={Deletions in the Parkin gene and genetic heterogeneity in a Greek family with early onset {P}arkinson’s disease},
  author={Leroy, Elisabeth and Anastasopoulos, Dimitri and Konitsiotis, Spiridon and Lavedan, Christian and Polymeropoulos, Mihael H},
  journal={Human Genetics},
  volume={103},
  pages={424--427},
  year={1998}
}
@article{goyal2020classification,
  title={Classification, prediction, and monitoring of {P}arkinson’s disease using computer assisted technologies: a comparative analysis},
  author={Goyal, Jinee and Khandnor, Padmavati and Aseri, Trilok Chand},
  journal={Engineering Applications of Artificial Intelligence},
  volume={96},
  pages={103955},
  year={2020}
}
@article{崔海伦2018帕金森病及相关运动障碍的神经影像学诊断专家共识,
  title={帕金森病及相关运动障碍的神经影像学诊断专家共识},
  author={崔海伦 and 陈玲 and 陈先文 and 陈燕 and 商慧芳 and 杨任民 and 陈生弟 and 张敏鸣 and 王刚 and 张一帆},
  journal={内科理论与实践},
  volume={13},
  number={5},
  pages={1-15},
  year={2018},
}

@article{li2018patterns,
  title={Patterns of grey matter loss associated with motor subscores in early {P}arkinson's disease},
  author={Li, Xingfeng and Xing, Yue and Martin-Bastida, Antonio and Piccini, Paola and Auer, Dorothee P},
  journal={NeuroImage: Clinical},
  volume={17},
  pages={498--504},
  year={2018}
}
@article{de2017loss,
  title={Loss of integrity and atrophy in cingulate structural covariance networks in {P}arkinson's disease},
  author={de Schipper, Laura J and van der Grond, Jeroen and Marinus, Johan and Henselmans, Johanna ML and van Hilten, Jacobus J},
  journal={NeuroImage: Clinical},
  volume={15},
  pages={587--593},
  year={2017}
}
@article{amoroso2018complex,
  title={Complex networks reveal early {MRI} markers of {P}arkinson’s disease},
  author={Amoroso, Nicola and La Rocca, Marianna and Monaco, Alfonso and Bellotti, Roberto and Tangaro, Sabina},
  journal={Medical Image Analysis},
  volume={48},
  pages={12--24},
  year={2018}
}
@article{rojas2013application,
  title={Application of empirical mode decomposition {(EMD)} on {DaTSCAN} {SPECT} images to explore {P}arkinson disease},
  author={Rojas, A and G{\'o}rriz, JM and Ram{\'\i}rez, Javier and Ill{\'a}n, IA and Mart{\'\i}nez-Murcia, Francisco Jes{\'u}s and Ortiz, Andr{\'e}s and R{\'\i}o, M G{\'o}mez and Moreno-Caballero, M},
  journal={Expert Systems with Applications},
  volume={40},
  number={7},
  pages={2756--2766},
  year={2013}
}
@article{abos2017discriminating,
  title={Discriminating cognitive status in {P}arkinson’s disease through functional connectomics and machine learning},
  author={Ab{\'o}s, Alexandra and Baggio, Hugo C and Segura, B{\`a}rbara and Garc{\'\i}a-D{\'\i}az, Anna I and Compta, Yaroslau and Mart{\'\i}, Maria Jos{\'e} and Valldeoriola, Francesc and Junqu{\'e}, Carme},
  journal={Scientific Reports},
  volume={7},
  number={1},
  pages={1--13},
  year={2017}
}
@article{oliveira2018extraction,
  title={Extraction, selection and comparison of features for an effective automated computer-aided diagnosis of {P}arkinson’s disease based on {[123 I]} {FP-CIT} {SPECT} images},
  author={Oliveira, Francisco PM and Faria, Diogo Borges and Costa, Durval C and Castelo-Branco, Miguel and Tavares, Jo{\~a}o Manuel RS},
  journal={European Journal of Nuclear Medicine and Molecular Imaging},
  volume={45},
  pages={1052--1062},
  year={2018}
}
@article{kim2018artificial,
  title={Artificial intelligence in the diagnosis of {P}arkinson’s disease from ioflupane-123 single-photon emission computed tomography dopamine transporter scans using transfer learning},
  author={Kim, Daniel H and Wit, Huub and Thurston, Mark},
  journal={Nuclear Medicine Communications},
  volume={39},
  number={10},
  pages={887--893},
  year={2018}
}
@article{castillo2018robust,
  title={Robust ensemble classification methodology for {I123-Ioflupane} {SPECT} images and multiple heterogeneous biomarkers in the diagnosis of {P}arkinson's disease},
  author={Castillo-Barnes, Diego and Ram{\'\i}rez, Javier and Segovia, Ferm{\'\i}n and Mart{\'\i}nez-Murcia, Francisco J and Salas-Gonzalez, Diego and G{\'o}rriz, Juan M},
  journal={Frontiers in Neuroinformatics},
  volume={12},
  pages={1--16},
  year={2018}
}
@article{martinez2018convolutional,
  title={Convolutional neural networks for neuroimaging in {P}arkinson’s disease: Is preprocessing needed?},
  author={Martinez-Murcia, Francisco J and G{\'o}rriz, Juan M and Ram{\'\i}rez, Javier and Ortiz, Andres},
  journal={International Journal of Neural Systems},
  volume={28},
  number={10},
  pages={1850035:1--1850035:19},
  year={2018}
}
@article{wang2020changes,
  title={Changes of brain structural network connection in {P}arkinson’s disease patients with mild cognitive dysfunction: a study based on diffusion tensor imaging},
  author={Wang, Wanyi and Mei, Mingjin and Gao, Yuyuan and Huang, Biao and Qiu, Yihui and Zhang, Yuhu and Wang, Limin and Zhao, Jiehao and Huang, Zhiheng and Wang, Lijuan and others},
  journal={Journal of Neurology},
  volume={267},
  pages={933--943},
  year={2020}
}
@article{gu2016automatic,
  title={Automatic classification on multi-modal {MRI} data for diagnosis of the postural instability and gait difficulty subtype of {P}arkinson’s disease},
  author={Gu, Quanquan and Zhang, Huan and Xuan, Min and Luo, Wei and Huang, Peiyu and Xia, Shunren and Zhang, Minming},
  journal={Journal of {P}arkinson's Disease},
  volume={6},
  number={3},
  pages={545--556},
  year={2016}
}
@article{bowman2016multimodal,
  title={Multimodal imaging signatures of {P}arkinson's disease},
  author={Bowman, F DuBois and Drake, Daniel F and Huddleston, Daniel E},
  journal={Frontiers in Neuroscience},
  volume={10},
  pages={131:1--131:11},
  year={2016}
}
@article{pyatigorskaya2018comparative,
  title={Comparative study of {MRI} biomarkers in the substantia nigra to discriminate idiopathic {P}arkinson disease},
  author={Pyatigorskaya, N and Magnin, B and Mongin, M and Yahia-Cherif, L and Valabregue, R and Arnaldi, D and Ewenczyk, C and Poupon, C and Vidailhet, M and Leh{\'e}ricy, S},
  journal={American Journal of Neuroradiology},
  volume={39},
  number={8},
  pages={1460--1467},
  year={2018}
}
@article{kim2019prediction,
  title={Prediction of cognitive progression in {P}arkinson's disease using three cognitive screening measures},
  author={Kim, Hojoong M and Nazor, Carter and Zabetian, Cyrus P and Quinn, Joseph F and Chung, Kathryn A and Hiller, Amie L and Hu, Shu-Ching and Leverenz, James B and Montine, Thomas J and Edwards, Karen L and others},
  journal={Clinical {P}arkinsonism and Related Disorders},
  volume={1},
  pages={91--97},
  year={2019}
}
@article{hu2014predictors,
  title={Predictors of cognitive impairment in an early stage {P}arkinson's disease cohort},
  author={Hu, Michele TM and Szewczyk-Kr{\'o}likowski, Konrad and Tomlinson, Paul and Nithi, Kannan and Rolinski, Michal and Murray, Clara and Talbot, Kevin and Ebmeier, Klaus P and Mackay, Clare E and Ben-Shlomo, Yoav},
  journal={Movement Disorders},
  volume={29},
  number={3},
  pages={351--359},
  year={2014}
}
@article{pigott2015longitudinal,
  title={Longitudinal study of normal cognition in {P}arkinson disease},
  author={Pigott, Kara and Rick, Jacqueline and Xie, Sharon X and Hurtig, Howard and Chen-Plotkin, Alice and Duda, John E and Morley, James F and Chahine, Lama M and Dahodwala, Nabila and Akhtar, Rizwan S and others},
  journal={Neurology},
  volume={85},
  number={15},
  pages={1276--1282},
  year={2015}
}
@article{marras2013measuring,
  title={Measuring mild cognitive impairment in patients with {P}arkinson's disease},
  author={Marras, Connie and Armstrong, Melissa J and Meaney, Christopher A and Fox, Susan and Rothberg, Brandon and Reginold, William and Tang-Wai, David F and Gill, David and Eslinger, Paul J and Zadikoff, Cindy and others},
  journal={Movement Disorders},
  volume={28},
  number={5},
  pages={626--633},
  year={2013}
}

@article{hoops2009validity,
  title={Validity of the {MoCA} and {MMSE} in the detection of {MCI} and dementia in {P}arkinson disease},
  author={Hoops, S and Nazem, S and Siderowf, AD and Duda, JE and Xie, SX and Stern, MB and Weintraub, D},
  journal={Neurology},
  volume={73},
  number={21},
  pages={1738--1745},
  year={2009}
}
@article{dalrymple2010moca,
  title={The {MoCA}: well-suited screen for cognitive impairment in {P}arkinson disease},
  author={Dalrymple-Alford, JC and MacAskill, MR and Nakas, CT and Livingston, L and Graham, C and Crucian, GP and Melzer, TR and Kirwan, J and Keenan, R and Wells, S and others},
  journal={Neurology},
  volume={75},
  number={19},
  pages={1717--1725},
  year={2010}
}
@article{miller2015biomarkers,
  title={Biomarkers of {P}arkinson’s disease: present and future},
  author={Miller, Diane B and O’Callaghan, James P},
  journal={Metabolism},
  volume={64},
  number={3},
  pages={40--46},
  year={2015}
}
@inproceedings{li2008novel,
  title={A novel similarity based quality metric for image fusion},
  author={Li, Shanshan and Hong, Richang and Wu, Xiuqing},
  booktitle={International Conference on Audio, Language and Image Processing},
  pages={167--172},
  year={2008}
}
@article{latourelle2017large,
  title={Large-scale identification of clinical and genetic predictors of motor progression in patients with newly diagnosed {P}arkinson's disease: a longitudinal cohort study and validation},
  author={Latourelle, Jeanne C and Beste, Michael T and Hadzi, Tiffany C and Miller, Robert E and Oppenheim, Jacob N and Valko, Matthew P and Wuest, Diane M and Church, Bruce W and Khalil, Iya G and Hayete, Boris and others},
  journal={The Lancet Neurology},
  volume={16},
  number={11},
  pages={908--916},
  year={2017}
}
@article{simuni2016predictors,
  title={Predictors of time to initiation of symptomatic therapy in early {P}arkinson's disease},
  author={Simuni, Tanya and Long, Jeffrey D and Caspell-Garcia, Chelsea and Coffey, Christopher S and Lasch, Shirley and Tanner, Caroline M and Jennings, Danna and Kieburtz, Karl D and Marek, Kenneth and PPMI Investigators},
  journal={Annals of Clinical and Translational Neurology},
  volume={3},
  number={7},
  pages={482--494},
  year={2016}
}
@article{ahmadi2019parkinson,
  title={Parkinson’s progression prediction using machine learning and serum cytokines},
  author={Ahmadi Rastegar, Diba and Ho, Nicholas and Halliday, Glenda M and Dzamko, Nicolas},
  journal={npj Parkinson's Disease},
  volume={5},
  number={1},
  pages={14:1--14:8},
  year={2019}
}
@article{holford2006disease,
  title={Disease progression and pharmacodynamics in {P}arkinson disease--evidence for functional protection with levodopa and other treatments},
  author={Holford, Nicholas HG and Chan, Phylinda LS and Nutt, John G and Kieburtz, Karl and Shoulson, Ira and {P}arkinson Study Group},
  journal={Journal of Pharmacokinetics and Pharmacodynamics},
  volume={33},
  pages={281--311},
  year={2006}
}
@article{chan2007levodopa,
  title={Levodopa slows progression of {P}arkinson’s disease. External validation by clinical trial simulation},
  author={Chan, Phylinda LS and Nutt, John G and Holford, Nicholas HG},
  journal={Pharmaceutical Research},
  volume={24},
  pages={791--802},
  year={2007}
}
@inproceedings{raval2020prediction,
  title={Prediction of individual progression rate in {P}arkinson’s disease using clinical measures and biomechanical measures of gait and postural stability},
  author={Raval, Vyom and Nguyen, Kevin P and Gerald, Ashley and Dewey, Richard B and Montillo, Albert},
  booktitle={IEEE International Conference on Acoustics, Speech and Signal Processing},
  pages={1319--1323},
  year={2020}
}
@article{nilashi2020remote,
  title={Remote tracking of {P}arkinson's disease progression using ensembles of deep belief network and self-organizing map},
  author={Nilashi, Mehrbakhsh and Ahmadi, Hossein and Sheikhtaheri, Abbas and Naemi, Roya and Alotaibi, Reem and Alarood, Ala Abdulsalam and Munshi, Asmaa and Rashid, Tarik A and Zhao, Jing},
  journal={Expert Systems with Applications},
  volume={159},
  pages={113562:1--113562:13},
  year={2020}
}
@article{song2016two,
  title={Two-level hierarchical feature learning for image classification},
  author={Song, Guang-hui and Jin, Xiao-gang and Chen, Gen-lang and Nie, Yan},
  journal={Frontiers of Information Technology and Electronic Engineering},
  volume={17},
  number={9},
  pages={897--906},
  year={2016}
}
@article{radiocommunication2002methodology,
  title={Methodology for the subjective assessment of the quality of television pictures},
  author={Radiocommunication, ITU},
  journal={Recommendation ITU-R BT. 500-11},
  pages={1--48},
  year={2002}
}
@article{tang2020perceptual,
  title={Perceptual quality assessment for multimodal medical image fusion},
  author={Tang, Lu and Tian, Chuangeng and Li, Leida and Hu, Bo and Yu, Wei and Xu, Kai},
  journal={Signal Processing: Image Communication},
  volume={85},
  pages={115852:1--115852:8},
  year={2020}
}
@book{韦玉春2007遥感数字图像处理教程,
  title={遥感数字图像处理教程},
  author={韦玉春 and 汤国安 and 杨昕},
  publisher={遥感数字图像处理教程},
  pages={1--298},
  year={2007},
}

@article{haghighat2011non,
  title={A non-reference image fusion metric based on mutual information of image features},
  author={Haghighat, Mohammad Bagher Akbari and Aghagolzadeh, Ali and Seyedarabi, Hadi},
  journal={Computers and Electrical Engineering},
  volume={37},
  number={5},
  pages={744--756},
  year={2011}
}
@article{wang2004image,
  title={Image quality assessment: from error visibility to structural similarity},
  author={Wang, Zhou and Bovik, Alan C and Sheikh, Hamid R and Simoncelli, Eero P},
  journal={IEEE Transactions on Image Processing},
  volume={13},
  number={4},
  pages={600--612},
  year={2004}
}
@article{han2013new,
  title={A new image fusion performance metric based on visual information fidelity},
  author={Han, Yu and Cai, Yunze and Cao, Yin and Xu, Xiaoming},
  journal={Information Fusion},
  volume={14},
  number={2},
  pages={127--135},
  year={2013}
}
@inproceedings{piella2003new,
  title={A new quality metric for image fusion},
  author={Piella, Gemma and Heijmans, Henk},
  booktitle={International Conference on Image Processing},
  volume={3},
  pages={111--173},
  year={2003}
}
@article{qu2002information,
  title={Information measure for performance of image fusion},
  author={Qu, Guihong and Zhang, Dali and Yan, Pingfan},
  journal={Electronics Letters},
  volume={38},
  number={7},
  pages={1--2},
  year={2002}
}
@online{berthold2016clustering,
  title        = {On clustering time series using euclidean distance and pearson correlation},
  author       = {Berthold, Michael R and H{\"o}ppner, Frank},
  year         = {2016},
  url          = {https://doi.org/10.48550/arXiv.1601.02213},
  eprinttype   = {arXiv},
  eprintclass  = {cs.CV},
  eprint       = {1601.02213},
  pages={1--6},
}
@inproceedings{wu2005remote,
  title={Remote sensing image fusion based on average gradient of wavelet transform},
  author={Wu, Jin and Huang, Honglin and Qiu, Ya and Wu, Huaiyu and Tian, Jinwen and Liu, Jian},
  booktitle={IEEE International Conference Mechatronics and Automation},
  volume={4},
  pages={1817--1821},
  year={2005}
}
@article{roberts2008assessment,
  title={Assessment of image fusion procedures using entropy, image quality, and multispectral classification},
  author={Roberts, J Wesley and Van Aardt, Jan A and Ahmed, Fethi Babikker},
  journal={Journal of Applied Remote Sensing},
  volume={2},
  number={1},
  pages={023522:1--:023522:28},
  year={2008}
}
@article{eskicioglu1995image,
  title={Image quality measures and their performance},
  author={Eskicioglu, Ahmet M and Fisher, Paul S},
  journal={IEEE Transactions on Communications},
  volume={43},
  number={12},
  pages={2959--2965},
  year={1995}
}
@article{han2008study,
  title={The study on image fusion for high spatial resolution remote sensing images},
  author={Han, SS and Li, HT and Gu, HY and others},
  journal={Int. Arch. Photogramm. Remote Sens. Spat. Inf. Sci. XXXVII. Part B},
  volume={7},
  pages={1159--1164},
  year={2008}
}
@article{shi2005wavelet,
  title={Wavelet-based image fusion and quality assessment},
  author={Shi, Wenzhong and Zhu, ChangQing and Tian, Yan and Nichol, Janet},
  journal={International Journal of Applied Earth Observation and Geoinformation},
  volume={6},
  number={3-4},
  pages={241--251},
  year={2005}
}
@article{liu2011objective,
  title={Objective assessment of multiresolution image fusion algorithms for context enhancement in night vision: a comparative study},
  author={Liu, Zheng and Blasch, Erik and Xue, Zhiyun and Zhao, Jiying and Laganiere, Robert and Wu, Wei},
  journal={IEEE Transactions on Pattern Analysis and Machine Intelligence},
  volume={34},
  number={1},
  pages={94--109},
  year={2011}
}
@article{willmott2005advantages,
  title={Advantages of the mean absolute error {(MAE)} over the root mean square error {(RMSE)} in assessing average model performance},
  author={Willmott, Cort J and Matsuura, Kenji},
  journal={Climate Research},
  volume={30},
  number={1},
  pages={79--82},
  year={2005}
}
@article{khedher2015early,
  title={Early diagnosis of {A}lzheimer׳ s disease based on partial least squares, principal component analysis and support vector machine using segmented {MRI} images},
  author={Khedher, Laila and Ram{\'\i}rez, Javier and G{\'o}rriz, Juan Manuel and Brahim, Abdelbasset and Segovia, Ferm{\'\i}n and {A}lzheimer׳ s Disease Neuroimaging Initiative and others},
  journal={Neurocomputing},
  volume={151},
  pages={139--150},
  year={2015}
}
@article{lecun1998gradient,
  title={Gradient-based learning applied to document recognition},
  author={LeCun, Yann and Bottou, L{\'e}on and Bengio, Yoshua and Haffner, Patrick},
  journal={Proceedings of the IEEE},
  volume={86},
  number={11},
  pages={2278--2324},
  year={1998}
}

%--------------------------------------------paper1-----------------------------------------------------------
@incollection{kumar2019structural,
  title={Structural similarity based anatomical and functional brain imaging fusion},
  author={Kumar, Nishant and Hoffmann, Nico and Oelschl{\"a}gel, Martin and Koch, Edmund and Kirsch, Matthias and Gumhold, Stefan},
  booktitle={Multimodal Brain Image Analysis and Mathematical Foundations of Computational Anatomy},
  Volume = {11846},
  pages={121--129},
  year={2019}
}
@article{2004A,
  title={A wavelet-based image fusion tutorial},
  author={ Pajares, G.  and  Cruz, Jmdl },
  journal={Pattern Recognition},
  volume={37},
  number={9},
  pages={1855-1872},
  year={2004},
}
@article{2017Boundary,
  title={Boundary Finding Based Multi-focus Image Fusion through Multi-scale Morphological Focus-measure},
  author={ Yu, Z.  and  Bai, X.  and  Tao, W. },
  journal={Information Fusion},
  volume={35},
  pages={81-101},
  year={2017},
}
@article{2017Infrared,
  title={Infrared and visible image fusion method based on saliency detection in sparse domain},
  author={Liu, CH and Qi, Y and Ding, WR},
  journal={Infrared Physics and Technology},
  volume={83},
  pages={94--102},
  year={2017},
  publisher={Elsevier}
}

@online{2018Multi,
  title        = {Multi-focus Noisy Image Fusion using Low-Rank Representation},
  author       = { Li, H.  and  Wu, X. J.  and  Durrani, Tariq},
  year         = {2018},
  url          = {https://doi.org/10.48550/arXiv.1804.09325},
  eprinttype   = {arXiv },
  eprintclass  = {cs.CV},
  eprint       = {1804.09325},
  pages={1--17},
}
@online{2018Infrared,
  title        = {Infrared and visible image fusion using latent low-rank representation},
  author       = {Li, Hui and Wu, Xiao-Jun},
  year         = {2018},
  url          = {https://doi.org/10.48550/arXiv.1804.08992},
  eprinttype   = {arXiv},
  eprintclass  = {cs.CV},
  eprint       = {1804.08992},
  pages={1--6},
}

@article{2019Free,
  title={Free-breathing and ungated cardiac {MRI} using iterative {SToRM (i-SToRM)}},
  author={Mohsin, Yasir Q and Poddar, Sunrita and Jacob, Mathews},
  journal={IEEE Transactions on Medical Imaging},
  volume={38},
  number={10},
  pages={2303--2313},
  year={2019}
}

@article{2020Discriminative,
  title={Discriminative Dictionary Learning-Based Multiple Component Decomposition for Detail-Preserving Noisy Image Fusion},
  author={ Li, H.  and  Wang, Y.  and  Yang, Z.  and  Wang, R.  and  Li, X.  and  Tao, D. },
  journal={IEEE Transactions on Instrumentation and Measurement},
  volume={69},
  number={4},
  pages={1082-1102},
  year={2020},
}
@article{2020An,
  title={An adaptive two-scale biomedical image fusion method with statistical comparisons},
  author={Du, Jiao and Fang, Meie and Yu, Yufeng and Lu, Gang},
  journal={Computer Methods and Programs in Biomedicine},
  volume={196},
  pages={105603:1--105603:13},
  year={2020}
}
@article{MOE,
  title={Fusion of magnetic resonance and ultrasound images for endometriosis detection},
  author={El Mansouri, Oumaima and Vidal, Fabien and Basarab, Adrian and Payoux, Pierre and Kouam{\'e}, Denis and Tourneret, Jean-Yves},
  journal={IEEE Transactions on Image Processing},
  volume={29},
  pages={5324--5335},
  year={2020}
}
@article{diwakar2021multi,
  title={Multi-modal medical image fusion framework using co-occurrence filter and local extrema in {NSST} domain},
  author={Diwakar, Manoj and Singh, Prabhishek and Shankar, Achyut},
  journal={Biomedical Signal Processing and Control},
  volume={68},
  pages={102788:1--102788:10},
  year={2021}
}

@article{2018DenseFuse,
  title={{DenseFuse}: A Fusion Approach to Infrared and Visible Images},
  author={ Hui, L.  and  Wu, X. J. },
  journal={IEEE Transactions on Image Processing},
  volume={28},
  number={5},
  pages={2614--2623},
  year={2018},
}
@article{2020Attention,
  title={Attention deep residual networks for {MR} image analysis},
  author={Mei, Mengqing and He, Fazhi and Xue, Shan},
  journal={Neural Computing and Applications},
  pages={1--10},
  year={2020}
}
@article{0Computer,
  title={Computer-aided Cervical Cancer Diagnosis using Time-lapsed Colposcopic Images},
  author={ Li, Y.  and  Chen, J.  and  Xue, P.  and  Tang, C.  and  Chang, J.  and  Chu, C.  and  Ma, K.  and  Li, Q.  and  Zheng, Y.  and  Qiao, Y. },
  journal={IEEE Transactions on Medical Imaging},
  volume={39},
  number={11},
  pages={3403--3415},
  year={2020},
}
@article{2019Infrared,
  title={Infrared and visible image fusion with {ResNet} and zero-phase component analysis},
  author={ Li, H.  and  Wu, X. J.  and  Durrani, T. S. },
  journal={Infrared Physics and Technology},
  volume={102},
  pages={103039:1--103039:10},
  year={2019},
}
@article{2018Deep,
  title={Deep learning for pixel-level image fusion: Recent advances and future prospects},
  author={ Liu, Y.  and  Chen, X.  and  Wang, Z.  and  Wang, Z. J.  and  Ward, Rabab K  and  Wang, X. },
  journal={Information Fusion},
  volume={42},
  pages={158--173},
  year={2018},
}
@inproceedings{2017A,
  title={A medical image fusion method based on convolutional neural networks},
  author={ Yu, L.  and  Xun, C.  and  Cheng, J.  and  Hu, P. },
  booktitle={International Conference on Information Fusion },
  pages={1--7},
  year={2017},
}
@article{2017Single,
  title={Single Image Depth Estimation with Normal Guided Scale Invariant Deep Convolutional Fields},
  author={ Yan, H.  and  Yu, X.  and  Zhang, Y.  and  Zhanga, S.  and  Zhao, X.  and  Zhang, L. },
  journal={IEEE Transactions on Circuits and Systems for Video Technology},
  volume={29},
  number={1},
  pages={80--92},
  year={2017},
}

@article{2016PMSC,
  title={{PMSC}: PatchMatch-based superpixel cut for accurate stereo matching},
  author={Li, Lincheng and Zhang, Shunli and Yu, Xin and Zhang, Li},
  journal={IEEE Transactions on Circuits and Systems for Video Technology},
  volume={28},
  number={3},
  pages={679--692},
  year={2016}
}
@online{2018Unsupervised,
  title        = {Unsupervised deep multi-focus image fusion},
  author       = {Yan, Xiang and Gilani, Syed Zulqarnain and Qin, Hanlin and Mian, Ajmal},
  year         = {2018},
  url          = {https://doi.org/10.48550/arXiv.1806.07272},
  eprinttype   = {arXiv},
  eprintclass  = {cs.CV},
  eprint       = {1806.07272},
  pages={1--11},
}

@article{2019FusionGAN,
  title={{FusionGAN}: A generative adversarial network for infrared and visible image fusion},
  author={ Ma, J.  and  Wei, Y.  and  Liang, P.  and  Chang, L.  and  Jiang, J. },
  journal={Information Fusion},
  volume={48},
  pages={11--26},
  year={2019},
}
@article{2020IFCNN,
  title={{IFCNN}: A general image fusion framework based on convolutional neural network},
  author={ Yu, Z. A.  and  Yu, L. B.  and  Peng, S. C.  and  Han, Y. A.  and  Xz, D  and  Li, Z. A. },
  journal={Information Fusion},
  volume={54},
  pages={99-118},
  year={2020},
}
@article{2020NestFuse,
  title={{NestFuse}: An Infrared and Visible Image Fusion Architecture based on Nest Connection and Spatial/Channel Attention Models},
  author={H. Li, X. Wu, T. Durrani},
  journal={IEEE Transactions on Instrumentation and Measurement},
  volume={69},
  number={12},
  pages={9645--9656},
  year={2020},
}
@inproceedings{2019Inter,
  title={Inter-modality dependence induced data recovery for {MCI} conversion prediction},
  author={Zhou, Tao and Thung, Kim-Han and Zhang, Yu and Fu, Huazhu and Shen, Jianbing and Shen, Dinggang and Shao, Ling},
  booktitle={Medical Image Computing and Computer Assisted Intervention},
  Volume = {11767},
  pages={186--195},
  year={2019}
}

@article{2020Noise,
  title={Noise-robust image fusion with low-rank sparse decomposition guided by external patch prior - ScienceDirect},
  author={ Hla, B  and  Xh, C  and  Zya, B  and  Jl, D },
  journal={Information Sciences},
  volume={523},
  pages={14--37},
  year={2020},
}

@article{2018High,
  title={High dynamic range image fusion with low rank matrix recovery},
  author={X Zhu, X Lu, Li Z, Wu},
  journal={Journal of Image and Graphics},
volume={23},
  number={11},
  pages={1652--1665},
  year={2018},
}
@article{Li2018Joint,
  title={Joint medical image fusion, denoising and enhancement via discriminative low-rank sparse dictionaries learning},
  author={Li, Huafeng and He, Xiaoge and Tao, Dapeng and Tang, Yuanyan and Wang, Ruxin},
  journal={Pattern Recognition},
  volume={79},
  pages={130--146},
  year={2018}
}
@inproceedings{2020Multi,
  title={Multi focus and multi-source image fusion based on deep learning model},
  author={Fu, Jie and Gao, Xin-Ran and Xu, Min and Wang, Wenju},
  booktitle={World Conference on Mechanical Engineering and Intelligent Manufacturing },
  pages={512--515},
  year={2019}
}
@article{2020Application,
  title={Application of deep learning model based on image definition in real-time digital image fusion},
  author={H Zhou, Peng J , Liao C },
  journal={Journal of Real-Time Image Processing},
  volume={17},
  number={3},
  year={2020}
}
@article{2019A,
  title={A new deep learning based multi-spectral image fusion method},
  author={Piao, Jingchun and Chen, Yunfan and Shin, Hyunchul},
  journal={Entropy},
  volume={21},
  number={6},
  pages={570},
  year={2019}
}
@article{2020Automated,
  title={Automated medical diagnosis system based on multi-modality image fusion and deep learning},
  author={Algarni, Abeer D},
  journal={Wireless Personal Communications},
  volume={111},
  number={2},
  pages={1033--1058},
  year={2020}
}
@article{2020A,
  title={A novel approach in multimodality medical image fusion using optimal shearlet and deep learning},
  author={ Parvathy, Velmurugan Subbiah  and  Pothiraj, Sivakumar  and  Sampson, Jenyfal },
  journal={International Journal of Imaging Systems and Technology},
  volume={30},
  number={4},
  pages={847--859},
  year={2020}
}
@article{2018Convolutional,
  title={Convolutional neural network-based multimodal image fusion via similarity learning in the shearlet domain},
  author={ Hermessi, H.  and  Mourali, O.  and  Zagrouba, E. },
  journal={Neural Computing and Applications},
volume={30},
  number={7},
pages={2029--2045},
  year={2018},
}
@article{2019MCFNet,
  title={{MCFNet}: Multi-Layer Concatenation Fusion Network for Medical Images Fusion},
  author={ Liang, X.  and  Hu, P.  and  Zhang, L.  and  Sun, J.  and  Yin, G. },
  journal={IEEE Sensors Journal},
  volume={19},
  number={16},
  pages={7107--7119},
  year={2019},
}
@article{park2017fast,
  title={Fast Fourier transform benchmark on {X86} {Xeon} system for multimedia data processing},
  author={Park, Young-Soo and Park, Koo-Rack and Kim, Jin-Mook and Jeong, Hwa-Young},
  journal={Multimedia Tools and Applications},
  volume={76},
  number={4},
  pages={6015--6030},
  year={2017}
}
@inproceedings{abiko2019image,
  title={Image Segmentation Based {Graph-Cut} Approach to Fast Color Image Coding via Graph {F}ourier Transform},
  author={Abiko, Kaito and Uruma, Kazuniri and Sugawara, Mamoru and Hangai, Seiichiro and Hamamoto, Takayuki},
  booktitle={IEEE Visual Communications and Image Processing},
  pages={1--4},
  year={2019},
}
@article{song2021optical,
  title={Optical image encryption using different twiddle factors in the butterfly algorithm of fast Fourier transform},
  author={Song, Jaehun and Lee, Yeon Ho},
  journal={Optics Communications},
  volume={485},
  pages={126707:1--126707:9},
  year={2021}
}
@article{kuo2020fast,
  title={Fast {F}ourier transform combined with phase leading compensator for respiratory motion compensation system},
  author={Kuo, Chia-Chun and Chuang, Ho-Chiao and Liao, Ai-Ho and Yu, Hsiao-Wei and Cai, Syue-Ru and Tien, Der-Chi and Jeng, Shiu-Chen and Chiou, Jeng-Fong},
  journal={Quantitative Imaging in Medicine and Surgery},
  volume={10},
  number={5},
  pages={907–-920},
  year={2020}
}
@article{anitha2018fft,
  title={{FFT} based compression approach for medical images},
  author={Anitha, TG and Vijayalakshmi, K},
  journal={International Journal of Applied Engineering Research},
  volume={13},
  number={6},
  pages={3550--3567},
  year={2018}
}
@inproceedings{mcinnes2020accelerating,
  title={Accelerating the Gabor Transform with a {GPU} for {SAR} Image Compression},
  author={McInnes, Conner and Alawneh, Shadi},
  booktitle={International Conference on Video, Signal and Image Processing},
  pages={17--22},
  year={2020}
}
@article{setiadi2017perancangan,
  title={Perancangan Dan Analisis Optimasi Pada Audio Watermarking Dengan Metode Fft Dan Spread Spectrum Watermark Berbasis Log Coordinate Mapping Dengan Algoritma Genetika},
  author={Setiadi, Hengki and Budiman, Gelar and Aulia, Suci},
  journal={eProceedings of Engineering},
  volume={4},
  number={3},
  year={2017}
}
@article{bendi2016invisible,
  title={Invisible Watermarking Dengan Teknik Spread Spectrum},
  author={Bendi, R and Siburian, Shinta Yuniarti},
  pages={1--13},
  year={2016}
}
@phdthesis{pezzotti2017efficient,
  title={Efficient Non-uniform Fast {F}ourier Transform ({N}u{FFT}) Implementation for {MRI} Processing on {FPGA}},
  author={Pezzotti, Emanuele},
  year={2017},
  school={University of Illinois at Chicago}
}
@incollection{atta2018joint,
  title={Joint segmentation and nonlinear registration using fast fourier transform and total variation},
  author={Atta-Fosu, Thomas and Guo, Weihong},
  booktitle={Research in Shape Analysis},
  pages={111--132},
  year={2018},
}
@inproceedings{2016Densely,
  title={Densely connected convolutional networks},
  author={Huang, Gao and Liu, Zhuang and Van Der Maaten, Laurens and Weinberger, Kilian Q},
  booktitle={ IEEE Conference on Computer Vision and Pattern Recognition},
  pages={4700--4708},
  year={2017}
}
@article{2016Image,
  title={Image Fusion With Convolutional Sparse Representation},
  author={ Yu, L.  and  Xun, C.  and  Ward, R. K.  and  Wang, Z. J. },
  journal={IEEE Signal Processing Letters},
  volume={23},
  number={12},
  pages={1882--1886},
  year={2016},
}
@article{2012ImageNet,
  title={Imagenet classification with deep convolutional neural networks},
  author={Krizhevsky, Alex and Sutskever, Ilya and Hinton, Geoffrey E},
  journal={Advances in Neural Information Processing Systems},
  volume={25},
  pages={1097--1105},
  year={2012}
}
@inproceedings{2016Inception,
  title={Inception-v4, Inception-{R}es{N}et and the Impact of Residual Connections on Learning},
  author={Szegedy, Christian and Ioffe, Sergey and Vanhoucke, Vincent and Alemi, Alexander A},
  booktitle={AAAI Conference on Artificial Intelligence},
  pages={4278--4284},
  year={2017}
}
@online{2015Places205,
  title        = {{Places205-VGGNet} models for scene recognition},
  author       = {Wang, Limin and Guo, Sheng and Huang, Weilin and Qiao, Yu},
  year         = {2015},
  url          = {https://doi.org/10.48550/arXiv.1508.01667},
  eprinttype   = {arXiv},
  eprintclass  = {cs.CV},
  eprint       = {1508.01667},
  pages={1--2},
}

@inproceedings{2016Deep,
  title={Deep residual learning for image recognition},
  author={He, Kaiming and Zhang, Xiangyu and Ren, Shaoqing and Sun, Jian},
  booktitle={IEEE Conference on Computer Vision and Pattern Recognition},
  pages={770--778},
  year={2016}
}
@article{2004Image,
  title={Image quality assessment: from error visibility to structural similarity},
  author={ Zhou, W.  and  Bovik, A. C.  and  Sheikh, H. R.  and  Simoncelli, E. P. },
  journal={IEEE Transactions on Image Processing},
  volume={13},
  number={4},
  pages={600--612},
  year={2004},
}
@article{2020FusionDN,
  title={{FusionDN}: A Unified Densely Connected Network for Image Fusion},
  author={ Xu, Han  and  Ma, Jiayi  and  Le, Zhuliang  and  Jiang, Junjun  and  Guo, Xiaojie },
  journal={AAAI Conference on Artificial Intelligence},
  volume={34},
  number={7},
  pages={12484--12491},
  year={2020},
}
@article{2008Assessment,
  title={Assessment of image fusion procedures using entropy, image quality, and multispectral classification},
  author={ Aardt, V.  and Jan},
  journal={Journal of Applied Remote Sensing},
  volume={2},
  number={1},
  pages={1--28},
  year={2008},
}
@article{Rao1997Review,
  title={Review article: In-Fibre Bragg Grating Sensors},
  author={Rao and Yun-Jiang},
  journal={Measurement Science and Technology},
  volume={8},
  number={4},
  pages={355--375},
  year={1997},
}
@article{2005Feature,
  title={Feature selection based on mutual information criteria of max-dependency, max-relevance, and min-redundancy},
  author={ Peng, H.  and  Long, F.  and  Ding, C. },
  journal={IEEE Transactions on Pattern Analysis and Machine Intelligence},
  volume={27},
  number={8},
  pages={1226--1238},
  year={2005},
}
@article{2007A,
  title={A new metric based on extended spatial frequency and its application to {DWT} based fusion algorithms},
  author={ Zheng, Y.  and  Essock, E. A.  and  Hansen, B. C.  and  Haun, A. M. },
  journal={Information Fusion},
  volume={8},
  number={2},
  pages={177--192},
  year={2007},
}
@inproceedings{Piella2003IP,
  author={Piella, G. and Heijmans, H.},
  booktitle={ International Conference on Image Processing}, 
  title={A new quality metric for image fusion}, 
  year={2003},
  volume={3},
  pages={173--176},
}
@article{2013A,
  title={A new image fusion performance metric based on visual information fidelity},
  author={ Han, Yu  and  Cai, Yunze  and  Cao, Yin  and  Xu, Xiaoming },
  journal={Information Fusion},
  volume={14},
  number={2},
  pages={127--135},
  year={2013},
}
@inproceedings{bag2021lossy,
  author={Gnutti, Alessandro and Guerrini, Fabrizio and Leonardi, Riccardo and Ortega, Antonio},
  booktitle={IEEE International Conference on Image Processing }, 
  title={Symmetry-Based Graph {F}ourier Transforms: Are They Optimal For Image Compression?}, 
  year={2021},
  pages={1594-1598},
  }
@article{song2021optical,
  title={Optical image encryption using different twiddle factors in the butterfly algorithm of fast Fourier transform},
  author={Song, Jaehun and Lee, Yeon Ho},
  journal={Optics Communications},
  volume={485},
  pages={126707:1--126707:9},
  year={2021}
}
@article{setiadi2017perancangan,
  title={Perancangan Dan Analisis Optimasi Pada Audio Watermarking Dengan Metode Fft Dan Spread Spectrum Watermark Berbasis Log Coordinate Mapping Dengan Algoritma Genetika},
  author={Setiadi, Hengki and Budiman, Gelar and Aulia, Suci},
  journal={eProceedings of Engineering},
  volume={4},
  number={3},
  year={2017}
}
@article{qu2001medical,
  title={Medical image fusion by wavelet transform modulus maxima},
  author={Qu, Guihong and Zhang, Dali and Yan, Pingfan},
  journal={Optics Express},
  volume={9},
  number={4},
  pages={184--190},
  year={2001}
}
@inproceedings{kor2004feature,
  title={Feature level fusion of multimodal medical images in lifting wavelet transform domain},
  author={Kor, Sudipta and Tiwary, Umashanker},
  booktitle={International Conference of the IEEE Engineering in Medicine and Biology Society},
  volume={1},
  pages={1479--1482},
  year={2004}
}
@article{ali2008curvelet,
  title={Curvelet fusion of {MR} and {CT} images},
  author={Ali, F and El-Dokany, I and Saad, A and Abd El-Samie, Fathi},
  journal={Progress In Electromagnetics Research C},
  volume={3},
  pages={215--224},
  year={2008}
}

@inproceedings{naidu2011multi,
  title={Multi-resolution image fusion by {FFT}},
  author={Naidu, VPS},
  booktitle={International Conference on Image Information Processing},
  pages={1--6},
  year={2011},
}
@inproceedings{xu2020learning,
  title={Learning in the frequency domain},
  author={Xu, Kai and Qin, Minghai and Sun, Fei and Wang, Yuhao and Chen, Yen-Kuang and Ren, Fengbo},
  booktitle={IEEE Conference on Computer Vision and Pattern Recognition},
  pages={1740--1749},
  year={2020}
}
@article{jin2018multimodal,
  title={Multimodal sensor medical image fusion based on nonsubsampled shearlet transform and S-PCNNs in HSV space},
  author={Jin, Xin and Chen, Gao and Hou, Jingyu and Jiang, Qian and Zhou, Dongming and Yao, Shaowen},
  journal={Signal Processing},
  volume={153},
  pages={379--395},
  year={2018}
}
@inproceedings{peng2018multi,
  title={Multi-algorithm fusion of {RGB} and {HSV} color spaces for image enhancement},
  author={Peng, LI and HUANG, Yong and Kunlun, YAO},
  booktitle={Chinese Control Conference},
  pages={9584--9589},
  year={2018},
}
@article{2018Scene,
  title={Scene sparse recognition method via intra-class dictionary for visible and near-infrared HSV image fusion},
  author={ Liu, J.  and  Wei, M. },
  journal={Journal of Computer Applications},
  volume={19},
  pages={3355--3359},
  year={2018},
}
@article{2018On,
  title={On a Multimodal Medical Image Fusion Method by Means of Framelet Transform and {HSV}},
  author={ Tang, S. J.  and  Wei, W.  and  Liu, Y. F. },
  journal={Journal of Southwest China Normal University(Natural Science Edition)},
  volume={43},
  number={1},
  pages={39--45},
  year={2018},
}
@article{2019Statistical,
  title={Statistical Measurements of Multi Modal {MRI–PET} Medical Image Fusion using {2D – HT} in {HSV} color Space},
  author={ Mh, A  and  Vg, B },
  journal={Procedia Computer Science},
  volume={165},
  pages={209--215},
  year={2019},
}
@article{zhao2021learning,
  author={Zhao, Fan and Zhao, Wenda},
  journal={IEEE Transactions on Multimedia}, 
  title={Learning Specific and General Realm Feature Representations for Image Fusion}, 
  year={2021},
  volume={23},
  pages={2745--2756},
}
@article{2020Latent,
  title={Latent Representation Learning Model for Multi-band Images Fusion via Low-Rank and Sparse Embedding},
  author={ Wang, B.  and  Niu, H.  and  Zeng, J.  and  Bai, G.  and  Wang, Y. },
  journal={IEEE Transactions on Multimedia},
  volume={23},
  pages={3137--3152},
  year={2021},
}
@article{2012Joint,
  author={Fang, Lu and Au, Oscar C. and Chen, Yan and Katsaggelos, Aggelos K. and Wang, Hanli and Wen, Xing},
  journal={IEEE Transactions on Multimedia}, 
  title={Joint Demosaicing and Subpixel-Based Down-Sampling for Bayer Images: A Fast Frequency-Domain Analysis Approach}, 
  year={2012},
  volume={14},
  number={4},
  pages={1359--1369},
  }
  @ARTICLE{2020Joint,
  author={Hu, Guyue and Cui, Bo and Yu, Shan},
  journal={IEEE Transactions on Multimedia}, 
  title={Joint Learning in the Spatio-Temporal and Frequency Domains for Skeleton-Based Action Recognition}, 
  year={2020},
  volume={22},
  number={9},
  pages={2207--2220}
  }
  @article{panigrahy2020mri,
  title={{MRI} and {SPECT} image fusion using a weighted parameter adaptive dual channel PCNN},
  author={Panigrahy, Chinmaya and Seal, Ayan and Mahato, Nihar Kumar},
  journal={IEEE Signal Processing Letters},
  volume={27},
  pages={690--694},
  year={2020}
}
@article{das2022optimized,
  title={Optimized Multimodal Neurological Image Fusion based on Low-rank Texture Prior Decomposition and Super-pixel Segmentation},
  author={Das, Manisha and Gupta, Deep and Radeva, Petia and Bakde, Ashwini M},
  journal={IEEE Transactions on Instrumentation and Measurement},
  year={2022}
}
@article{sengupta2020edge,
  title={Edge information based image fusion metrics using fractional order differentiation and sigmoidal functions},
  author={Sengupta, Animesh and Seal, Ayan and Panigrahy, Chinmaya and Krejcar, Ondrej and Yazidi, Anis},
  journal={IEEE Access},
  volume={8},
  pages={88385--88398},
  year={2020}
}
 @ARTICLE{Xydeas2000Objective,
  author={C. Xydeas, Vladimir Petrovic},
  journal={Electronics Letters}, 
  title={Objective Image Fusion Performance Measure}, 
  year={2000},
  volume={36},
  number={4},
  pages={308--309},
}

@article{wei2022beyond,
  title = {Beyond fine-tuning: Classifying high resolution mammograms using function-preserving transformations},
  journal = {Medical Image Analysis},
  volume = {82},
  pages = {102618:1--102618:10},
  year = {2022},
  author = {Tao Wei and Angelica I. Aviles-Rivero and Shuo Wang and Yuan Huang and Fiona J. Gilbert and Carola-Bibiane Sch{\" o}nlieb and Chang Wen Chen},
}

@article{shen2021interpretable,
  title={An interpretable classifier for high-resolution breast cancer screening images utilizing weakly supervised localization},
  author={Shen, Yiqiu and Wu, Nan and Phang, Jason and Park, Jungkyu and Liu, Kangning and Tyagi, Sudarshini and Heacock, Laura and Kim, S Gene and Moy, Linda and Cho, Kyunghyun and others},
  journal={Medical Image Analysis},
  volume={68},
  pages={101908:1--101908:17},
  year={2021}
}
@inproceedings{morgand2014generic,
  title={Generic and real-time detection of specular reflections in images},
  author={Morgand, Alexandre and Tamaazousti, Mohamed},
  booktitle={International Conference on Computer Vision Theory and Applications },
  volume={1},
  pages={274--282},
  year={2014}
}
@inproceedings{guo2018single,
  title={Single image highlight removal with a sparse and low-rank reflection model},
  author={Guo, Jie and Zhou, Zuojian and Wang, Limin},
  booktitle={Proceedings of the European Conference on Computer Vision (ECCV)},
  pages={268--283},
  year={2018}
}
@article{xia2019global,
  title={A global optimization method for specular highlight removal from a single image},
  author={Xia, Wenyao and Chen, Elvis CS and Pautler, Stephen E and Peters, Terry M},
  journal={IEEE Access},
  volume={7},
  pages={125976--125990},
  year={2019}
}


%--------------------------------------------paper2-----------------------------------------------------------
@inproceedings{2019DeepZhou,
  title={Deep multi-modal latent representation learning for automated dementia diagnosis},
  author={Zhou, Tao and Liu, Mingxia and Fu, Huazhu and Wang, Jun and Shen, Jianbing and Shao, Ling and Shen, Dinggang},
  booktitle={International Conference on Medical Image Computing and Computer Assisted Intervention},
  Volume = {11767},
  pages={629--638},
  year={2019}
}
@inproceedings{2014Quantum,
  title={Quantum multiresolution: tower of scales},
  author={Fedorova, Antonina N and Zeitlin, Michael G},
  booktitle={ International Conference on Mathematical Modeling in Physical Sciences },
  volume={490},
  number={1},
  pages={012216:1--012216:5},
  year={2014},
}
@article{2019Waveatom,
  title={Waveatom transform-based multimodal medical image fusion},
  author={Gambhir, Deepak and Manchanda, Meenu},
  journal={Signal, Image and Video Processing},
  volume={13},
  number={2},
  pages={321--329},
  year={2019}
}
@article{2018Improved,
  title={Improved medical image fusion based on cascaded PCA and shift invariant wavelet transforms},
  author={Benjamin, J Reena and Jayasree, T},
  journal={International Journal of Computer Assisted Radiology and Surgery},
  volume={13},
  number={2},
  pages={229--240},
  year={2018}
}
@article{2017Multifocus,
  title={Multifocus image fusion based on extreme learning machine and human visual system},
  author={Yang, Yong and Yang, Mei and Huang, Shuying and Que, Yue and Ding, Min and Sun, Jun},
  journal={IEEE Access},
  volume={5},
  pages={6989--7000},
  year={2017}
}

@inproceedings{Zhong2016Image,
  title={Image fusion and super-resolution with convolutional neural network},
  author={Zhong, Jinying and Yang, Bin and Li, Yuehua and Zhong, Fei and Chen, Zhongze},
  booktitle={Chinese Conference on Pattern Recognition},
  pages={78--88},
  year={2016},
}
@article{zhan2015multifocus,
  title={Multifocus image fusion using phase congruency},
  author={Zhan, Kun and Li, Qiaoqiao and Teng, Jicai and Wang, Mingying and Shi, Jinhui},
  journal={Journal of Electronic Imaging},
  volume={24},
  number={3},
  pages={033014:1--033014:13},
  year={2015}
}
@article{2018ImageWen,
  title={Image-segmentation algorithm based on wavelet and data-driven neutrosophic fuzzy clustering},
  author={Wen, Jinyu and Xuan, Shibin and Li, Yuqi and Gao, Qing and Peng, Qihui},
  journal={The Imaging Science Journal},
  volume={67},
  number={2},
  pages={63--75},
  year={2019},
}

@article{2020Intelligent,
  title={Intelligent multimodal medical image fusion with deep guided filtering},
  author={Rajalingam, B and Al-Turjman, Fadi and Santhoshkumar, R and Rajesh, M},
  journal={Multimedia Systems},
  volume={28},
  number={4},
  pages={1449--1463},
  year={2022}
}
@article{2020Identification,
  title={Identification of subthreshold depression based on deep learning and multimodal medical image fusion},
  author={YIN, Xiaolong},
  journal={Chinese Journal of Medical Imaging Technology},
  volume={36},
  number={8},
  pages={1158--1162},
  year={2020}
}
@article{2018Multimodal,
  title={Multimodal medical image fusion based on deep learning neural network for clinical treatment analysis},
  author={Rajalingam, B and Priya, R},
  journal={International Journal of ChemTech Research},
  volume={11},
  number={06},
  pages={160--176},
  year={2018}
}
@article{2019Deep,
  title={Deep Visible and Thermal Image Fusion for Enhanced Pedestrian Visibility},
  author={ Shopovska, Ivana  and  Jovanov, Ljubomir  and  Philips, Wilfried },
  journal={Sensors (Basel, Switzerland)},
  volume={ 19},
  number={17},
  pages={3727:1--3727:21},
  year={2019},
}
@article{shopovska2019deep,
  title={Deep visible and thermal image fusion for enhanced pedestrian visibility},
  author={Shopovska, Ivana and Jovanov, Ljubomir and Philips, Wilfried},
  journal={Sensors},
  volume={19},
  number={17},
  pages={3727},
  year={2019}
}
@article{2020VIF,
  title={{VIF-Net}: An unsupervised framework for infrared and visible image fusion},
  author={Hou, Ruichao and Zhou, Dongming and Nie, Rencan and Liu, Dong and Xiong, Lei and Guo, Yanbu and Yu, Chuanbo},
  journal={IEEE Transactions on Computational Imaging},
  volume={6},
  pages={640--651},
  year={2020}
}
@article{Xu2020A,
  title={A deep model for multi-focus image fusion based on gradients and connected regions},
  author={Xu, Han and Fan, Fan and Zhang, Hao and Le, Zhuliang and Huang, Jun},
  journal={IEEE Access},
  volume={8},
  pages={26316--26327},
  year={2020}
}
@inproceedings{2017DeepFuse,
  title={Deep{F}use: A deep unsupervised approach for exposure fusion with extreme exposure image pairs},
  author={Ram Prabhakar, K and Sai Srikar, V and Venkatesh Babu, R},
  booktitle={Proceedings of the IEEE International Conference on Computer Vision},
  pages={4714--4722},
  year={2017}
}
@inproceedings{2021Going,
  title={Going deeper with image transformers},
  author={Touvron, Hugo and Cord, Matthieu and Sablayrolles, Alexandre and Synnaeve, Gabriel and J{\'e}gou, Herv{\'e}},
  booktitle={IEEE International Conference on Computer Vision},
  pages={1--30},
  year={2021}
}
@article{2004Image,
  title={Image Quality Assessment: From Error Visibility to Structural Similarity},
  author={ Wang, Zhou and Bovik, Alan Conrad and Sheikh, Hamid Rahim  and  Simoncelli, Eero P. },
  journal={IEEE Transactions on Image Processing},
  volume={13},
  number={4},
  pages={600--612},
  year={2004},
}

@article{Yun1997In,
  title={In-fibre Bragg grating sensors},
  author={Yun-Jiang and Rao},
  journal={Measurement Science and Technology},
  volume={8},
  number={4},
  pages={355--375},
  year={1997},
}

@article{xu2020mef,
  title={{MEF-GAN}: Multi-exposure image fusion via generative adversarial networks},
  author={Xu, Han and Ma, Jiayi and Zhang, Xiao-Ping},
  journal={IEEE Transactions on Image Processing},
  volume={29},
  pages={7203--7216},
  year={2020}
}
@article{li2020attentionfgan,
  title={Attention{FGAN}: Infrared and visible image fusion using attention-based generative adversarial networks},
  author={Li, Jing and Huo, Hongtao and Li, Chang and Wang, Renhua and Feng, Qi},
  journal={IEEE Transactions on Multimedia},
  volume={23},
  pages={1383--1396},
  year={2021}
}
@article{zhao2020learning,
  title={Learning specific and general realm feature representations for image fusion},
  author={Zhao, Fan and Zhao, Wenda},
  journal={IEEE Transactions on Multimedia},
  volume={23},
  pages={2745--2756},
  year={2021}
}
@article{xiao2020global,
  title={Global-feature encoding {U-N}et ({GEU-N}et)  for multi-focus image fusion},
  author={Xiao, Bin and Xu, Bocheng and Bi, Xiuli and Li, Weisheng},
  journal={IEEE Transactions on Image Processing},
  volume={30},
  pages={163--175},
  year={2021}
}
@inproceedings{he2016deep,
  title={Deep residual learning for image recognition},
  author={He, Kaiming and Zhang, Xiangyu and Ren, Shaoqing and Sun, Jian},
  booktitle={ IEEE Conference on Computer Vision and Pattern Recognition},
  pages={770--778},
  year={2016}
}
@inproceedings{huang2017densely,
  title={Densely connected convolutional networks},
  author={Huang, Gao and Liu, Zhuang and Van Der Maaten, Laurens and Weinberger, Kilian Q},
  booktitle={ IEEE Conference on Computer Vision and Pattern Recognition},
  pages={2261--2269},
  year={2017}
}
@article{nakamoto2009clinical,
  title={Clinical value of image fusion from {MR} and {PET} in patients with head and neck cancer},
  author={Nakamoto, Yuji and Tamai, Ken and Saga, Tsuneo and Higashi, Tatsuya and Hara, Tadashi and Suga, Tsuyoshi and Koyama, Takashi and Togashi, Kaori},
  journal={Molecular Imaging and Biology},
  volume={11},
  pages={46--53},
  year={2009}
}
@article{heiss2009potential,
  title={The potential of {PET/MR} for brain imaging},
  author={Heiss, Wolf-Dieter},
  journal={European Journal of Nuclear Medicine and Molecular Imaging},
  volume={36},
  Number = {1},
  pages={105--112},
  year={2009}
}

%--------------------------------------------paper3-----------------------------------------------------------

@article{Fangmeie2022,
  title={Re-transfer learning and multi-modal learning assisted early diagnosis of {A}lzheimer's disease},
  author={Fang, Meie and Jin, Zhuxin and Qin, Feiwei and Peng, Yong and Jiang, Chao and Pan, Zhigeng},
  journal={Multimedia Tools and Applications},
  volume={81},
  number={20},
  pages={29159--29175},
  year={2022},
}
@article{shehata2018computer,
  author={Shehata, Mohamed and Khalifa, Fahmi and Soliman, Ahmed and Ghazal, Mohammed and Taher, Fatma and El-Ghar, Mohamed Abou and Dwyer, Amy C. and Gimel'farb, Georgy and Keynton, Robert S. and El-Baz, Ayman},
  journal={IEEE Transactions on Biomedical Engineering}, 
  title={Computer-Aided Diagnostic System for Early Detection of Acute Renal Transplant Rejection Using Diffusion-Weighted {MRI}}, 
  year={2019},
  volume={66},
  number={2},
  pages={539-552},
  }

@article{salyers2018continuous,
  author={Salyers, Jacob B. and Dong, Yue and Gai, Yan},
  journal={IEEE Transactions on Biomedical Engineering}, 
  title={Continuous Wavelet Transform for Decoding Finger Movements From Single-Channel {EEG}}, 
  year={2019},
  volume={66},
  number={6},
  pages={1588-1597},
  }

@article{golla2020convolutional,
  author={Golla, Alena-Kathrin and Bauer, Dominik F. and Schmidt, Ralf and Russ, Tom and N{\"o}renberg, Dominik and Chung, Khanlian and T{\"o}nnes, Christian and Schad, Lothar R. and Z{\"o}llner, Frank G.},
  journal={IEEE Transactions on Biomedical Engineering}, 
  title={Convolutional Neural Network Ensemble Segmentation With Ratio-Based Sampling for the Arteries and Veins in Abdominal {CT} Scans}, 
  year={2021},
  volume={68},
  number={5},
  pages={1518-1526},
  }

@article{ananda2021classification,
AUTHOR = {Ananda, Ananda and Ngan, Kwun Ho and Karaba{\u{g}}, Cefa and Ter-Sarkisov, Aram and Alonso, Eduardo and Reyes-Aldasoro, Constantino Carlos},
TITLE = {Classification and Visualisation of Normal and Abnormal Radiographs; {A} Comparison between Eleven Convolutional Neural Network Architectures},
JOURNAL = {Sensors},
VOLUME = {21},
YEAR = {2021},
NUMBER = {16},
pages = {5381:1--5381:21},
}

@article{prasad2015brain,
title = {Brain connectivity and novel network measures for {A}lzheimer's disease classification},
journal = {Neurobiology of Aging},
volume = {36},
pages = {1-11},
year = {2015},
author = {Gautam Prasad and Shantanu H. Joshi and Talia M. Nir and Arthur W. Toga and Paul M. Thompson},
}

@article{2020Convolutional,
title = {Convolutional neural networks for classification of {A}lzheimer's disease: Overview and reproducible evaluation},
journal = {Medical Image Analysis},
volume = {63},
pages = {101694:1--101694:19},
year = {2020},
author = {Junhao Wen and Elina Thibeau-Sutre and Mauricio Diaz-Melo and Jorge Samper-Gonz{\' a}lez and Alexandre Routier and Simona Bottani and Didier Dormont and Stanley Durrleman and Ninon Burgos and Olivier Colliot},
}

@article{2018Automated,
title = {Automated classification of {A}lzheimer's disease and mild cognitive impairment using a single {MRI} and deep neural networks},
journal = {NeuroImage: Clinical},
volume = {21},
pages = {101645:1--101645:8},
year = {2019},
author = {Silvia Basaia and Federica Agosta and Luca Wagner and Elisa Canu and Giuseppe Magnani and Roberto Santangelo and Massimo Filippi},
}

@article{ashburner2000voxel,
title = {Voxel-Based Morphometry--{T}he Methods},
journal = {NeuroImage},
volume = {11},
number = {6},
pages = {805--821},
year = {2000},
author = {John Ashburner and Karl J. Friston},
}

@article{zhang2016detecting,
  author={Zhang, Jun and Gao, Yue and Gao, Yaozong and Munsell, Brent C. and Shen, Dinggang},
  journal={IEEE Transactions on Medical Imaging}, 
  title={Detecting Anatomical Landmarks for Fast {A}lzheimer's Disease Diagnosis}, 
  year={2016},
  volume={35},
  number={12},
  pages={2524-2533},
  }

@article{liu2018joint,
  author={Liu, Mingxia and Zhang, Jun and Adeli, Ehsan and Shen, Dinggang},
  journal={IEEE Transactions on Biomedical Engineering}, 
  title={Joint Classification and Regression via Deep Multi-Task Multi-Channel Learning for {A}lzheimer's Disease Diagnosis}, 
  year={2019},
  volume={66},
  number={5},
  pages={1195-1206},
  }

@inproceedings{fujieda2018wavelet,
  author = {Shin Fujieda and Kohei Takayama and Toshiya Hachisuka},
  title = {Wavelet Convolutional Neural Networks},
  booktitle = {IEEE Conference on Computer Vision and Pattern Recognition},
  pages={1--10},
  year = {2018},
}

@inproceedings{huang2017wavelet,
  title={Wavelet-srnet: A wavelet-based cnn for multi-scale face super resolution},
  author={Huang, Huaibo and He, Ran and Sun, Zhenan and Tan, Tieniu},
  booktitle={IEEE International Conference on Computer Vision},
  pages={1689--1697},
  year={2017}
}

@article{liu2019multi,
  author={Liu, Pengju and Zhang, Hongzhi and Lian, Wei and Zuo, Wangmeng},
  journal={IEEE Access}, 
  title={Multi-Level Wavelet Convolutional Neural Networks}, 
  year={2019},
  volume={7},
  pages={74973-74985},
 }

@inproceedings{payan2015predicting,
  author = {Adrien Payan and Giovanni Montana},
  title = {Predicting {A}lzheimer's disease: A neuroimaging study with {3D} convolutional neural networks},
  booktitle={IEEE Conference on Computer Vision and Pattern Recognition},
  pages={1--9},
  year = {2015},
}

@article{liang2021cameranet,
  author={Liang, Zhetong and Cai, Jianrui and Cao, Zisheng and Zhang, Lei},
  journal={IEEE Transactions on Image Processing}, 
  title={Camera{N}et: A Two-Stage Framework for Effective Camera {ISP} Learning}, 
  year={2021},
  volume={30},
  pages={2248-2262},
  }

@article{ebrahimi2021convolutional,
author = {Amir Ebrahimi and Suhuai Luo},
title = {Convolutional neural networks for {A}lzheimer's disease detection on {MRI} images},
volume = {8},
journal = {Journal of Medical Imaging},
number = {2},
pages = {024503:1--024503:18},
year = {2021},
}

@article{frisoni2010clinical,
  title={The clinical use of structural {MRI} in {A}lzheimer disease},
  author={Frisoni, Giovanni B and Fox, Nick C and Jack, Clifford R and Scheltens, Philip and Thompson, Paul M},
  journal={Nature Reviews Neurology},
  volume={6},
  number={2},
  pages={67--77},
  year={2010},
}

@article{le2001diffusion,
  title={Diffusion tensor imaging: concepts and applications},
  author={Le Bihan, Denis and Mangin, Jean-Fran{\c{c}}ois and Poupon, Cyril and Clark, Chris A and Pappata, Sabina and Molko, Nicolas and Chabriat, Hughes},
  journal={Journal of Magnetic Resonance Imaging: An Official Journal of the International Society for Magnetic Resonance in Medicine},
  volume={13},
  number={4},
  pages={534--546},
  year={2001}
}
@article{o2012using,
  title={Using support vector machines with multiple indices of diffusion for automated classification of mild cognitive impairment},
  author={O'Dwyer, Laurence and Lamberton, Franck and Bokde, Arun LW and Ewers, Michael and Faluyi, Yetunde O and Tanner, Colby and Mazoyer, Bernard and O'Neill, Desmond and Bartley, M{\'a}ir{\'e}ad and Collins, D R{\'o}n{\'a}n and others},
  journal={PloS One},
  volume={7},
  number={2},
  pages={e32441:1--e32441:11},
  year={2012}
}
@article{dhiman2019stoa,
  title={{STOA}: a bio-inspired based optimization algorithm for industrial engineering problems},
  author={Dhiman, Gaurav and Kaur, Amandeep},
  journal={Engineering Applications of Artificial Intelligence},
  volume={82},
  pages={148--174},
  year={2019}
}
@article{dhiman2021mosoa,
  title={{MOSOA}: A new multi-objective seagull optimization algorithm},
  author={Dhiman, Gaurav and Singh, Krishna Kant and Soni, Mukesh and Nagar, Atulya and Dehghani, Mohammad and Slowik, Adam and Kaur, Amandeep and Sharma, Ashutosh and Houssein, Essam H and Cengiz, Korhan},
  journal={Expert Systems with Applications},
  volume={167},
  pages={114150:1--114150:22},
  year={2021}
}
@article{kaur2021schoa,
  title={{SChoA}: a newly fusion of sine and cosine with chimp optimization algorithm for {HLS} of datapaths in digital filters and engineering applications},
  author={Kaur, Mandeep and Kaur, Ranjit and Singh, Narinder and Dhiman, Gaurav},
  journal={Engineering with Computers},
  pages={1--29},
  year={2021}
}

@article{taheri2019deep,
  title={A deep learning approach for diagnosis of mild cognitive impairment based on {MRI} images},
  author={Taheri Gorji, Hamed and Kaabouch, Naima},
  journal={Brain Sciences},
  volume={9},
  number={9},
  pages={217:1--217:14},
  year={2019}
}

@inproceedings{cheng2017classification,
  title={Classification of MR brain images by combination of multi-{CNNs} for {AD} diagnosis},
  author={Cheng, Danni and Liu, Manhua and Fu, Jianliang and Wang, Yaping},
  booktitle={International Conference on Digital Image Processing},
  volume={10420},
  pages={875--879},
  year={2017}
}

@inproceedings{aderghal2017classification,
  author={Aderghal, Karim and Boissenin, Manuel and Benois-Pineau, Jenny and Catheline, Gwena{\"e}lle and Afdel, Karim},
  title={Classification of s{MRI} for {AD} Diagnosis with Convolutional Neuronal Networks: A Pilot 2-{D}+$\epsilon$ Study on {ADNI}},
  booktitle={International Conference on Multimedia Modeling},
  year={2017},
  pages={690--701},
}

@article{lei2016discriminative,
  AUTHOR={Lei, Baiying and Chen, Siping and Ni, Dong and Wang, Tianfu},   
  TITLE={Discriminative Learning for {A}lzheimer's Disease Diagnosis via Canonical Correlation Analysis and Multimodal Fusion},     
  JOURNAL={Frontiers in Aging Neuroscience},     
  VOLUME={8}, 
  pages={77:1--77:17},          
  YEAR={2016},      
}

@article{fang2020ensemble,
  author = {Fang, Xusheng and Liu, Zhenbing and Xu, Mingchang},
  title = {Ensemble of deep convolutional neural networks based multi-modality images for {A}lzheimer's disease diagnosis},
  journal = {IET Image Processing},
  volume = {14},
  number = {2},
  pages = {318--326},
  year = {2020}
}

@inproceedings{xing2020dynamic,
  author="Xing, Xin and Liang, Gongbo and Blanton, Hunter and Rafique, Muhammad Usman and Wang, Chris and Lin, Ai-Ling and Jacobs, Nathan",
  title="Dynamic Image for {3D MRI} Image {A}lzheimer's Disease Classification",
  booktitle="European Conference on Computer Vision",
  year="2020",
  pages="355--364",
}

@article{ahmed2015alzheimer,
  title = {Alzheimer's disease diagnosis on structural {MR} images using circular harmonic functions descriptors on hippocampus and posterior cingulate cortex},
  journal = {Computerized Medical Imaging and Graphics},
  volume = {44},
  pages = {13--25},
  year = {2015},
  author = {Olfa {Ben Ahmed} and Maxim Mizotin and Jenny Benois-Pineau and Mich{\`e}le Allard and Gw{\'e}na{\"e}lle Catheline and Chokri {Ben Amar}},
}

@article{yang2017active,
  author={Yang, Jihai and Li, Shijun and Xu, Wenning},
  journal={IEEE Access}, 
  title={Active Learning for Visual Image Classification Method Based on Transfer Learning}, 
  year={2018},
  volume={6},
  pages={187-198},
 }

@article{madusanka2019alzheimer,
  title={Alzheimer's Disease classification based on multi-feature fusion},
  author={Madusanka, Nuwan and Choi, Heung-Kook and So, Jae-Hong and Choi, Boo-Kyeong},
  journal={Current Medical Imaging},
  volume={15},
  number={2},
  pages={161--169},
  year={2019},
}

@article{liu2022diagnosis,
  title = {Diagnosis of {A}lzheimer's disease via an attention-based multi-scale convolutional neural network},
  journal = {Knowledge-Based Systems},
  volume = {238},
  pages = {107942:1--107942:11},
  year = {2022},
  author = {Zhenbing Liu and Haoxiang Lu and Xipeng Pan and Mingchang Xu and Rushi Lan and Xiaonan Luo},
}

@article{xiao2017brain,
  title={Brain {MR} Image Classification for {A}lzheimer's Disease Diagnosis Based on Multifeature Fusion},
  author={Xiao, Zhe and Ding, Yi and Lan, Tian and Zhang, Cong and Luo, Chuanji and Qin, Zhiguang},
  journal={Computational and Mathematical Methods in Medicine},
  volume={2017},
  year={2017},
  pages={1952373:1--1952373:13},
}

@article{vu2018non,
  title={Non-white matter tissue extraction and deep convolutional neural network for {A}lzheimer's disease detection},
  author={Vu, Tien-Duong and Ho, Ngoc-Huynh and Yang, Hyung-Jeong and Kim, Jahae and Song, Ho-Chun},
  journal={Soft Computing},
  volume={22},
  number={20},
  pages={6825--6833},
  year={2018},
}

@article{bi2020computer,
  title = {Computer aided {A}lzheimer's disease diagnosis by an unsupervised deep learning technology},
  journal = {Neurocomputing},
  volume = {392},
  pages = {296-304},
  year = {2020},
  author = {Xiuli Bi and Shutong Li and Bin Xiao and Yu Li and Guoyin Wang and Xu Ma},
}

@article{rathore2017review,
  title = {A review on neuroimaging-based classification studies and associated feature extraction methods for {A}lzheimer's disease and its prodromal stages},
  journal = {NeuroImage},
  volume = {155},
  pages = {530--548},
  year = {2017},
  author = {Saima Rathore and Mohamad Habes and Muhammad Aksam Iftikhar and Amanda Shacklett and Christos Davatzikos},
}

@article{horgusluoglu2020systems,
  title = {Systems modeling of white matter microstructural abnormalities in {A}lzheimer's disease},
  journal = {NeuroImage: Clinical},
  volume = {26},
  pages = {102203:1--102203:15},
  year = {2020},
  author = {Emrin Horgusluoglu-Moloch and Gaoyu Xiao and Minghui Wang and Qian Wang and Xianxiao Zhou and Kwangsik Nho and Andrew J. Saykin and Eric Schadt and Bin Zhang},
}

@article{qu2021ai4ad,
  title = {{AI4AD}: Artificial intelligence analysis for {A}lzheimer's disease classification based on a multisite {DTI} database},
  journal = {Brain Disorders},
  volume = {1},
  pages = {100005:1--100005:7},
  year = {2021},
  author = {Yida Qu and Pan Wang and Bing Liu and Chengyuan Song and Dawei Wang and Hongwei Yang and Zengqiang Zhang and Pindong Chen and Xiaopeng Kang and Kai Du and Hongxiang Yao and Bo Zhou and Tong Han and Nianming Zuo and Ying Han and Jie Lu and Chunshui Yu and Xi Zhang and Tianzi Jiang and Yuying Zhou and Yong Liu},
}

@article{lella2021ensemble,
  AUTHOR = {Lella, Eufemia and Pazienza, Andrea and Lof{\`u}, Domenico and Anglani, Roberto and Vitulano, Felice},
  TITLE = {An Ensemble Learning Approach Based on Diffusion Tensor Imaging Measures for {A}lzheimer's Disease Classification},
  JOURNAL = {Electronics},
  VOLUME = {10},
  YEAR = {2021},
  NUMBER = {3},
  pages={249:1--249:16},
}

@article{ebadi2017ensemble, 
  AUTHOR={Ebadi, Ashkan and Dalboni da Rocha, Josu{\'e} L. and Nagaraju, Dushyanth B. and Tovar-Moll, Fernanda and Bramati, Ivanei and Coutinho, Gabriel and Sitaram, Ranganatha and Rashidi, Parisa},   	 
  TITLE={Ensemble Classification of {A}lzheimer's Disease and Mild Cognitive Impairment Based on Complex Graph Measures from Diffusion Tensor Images},      	
  JOURNAL={Frontiers in Neuroscience},      	
  VOLUME={11}, 
  pages={56:1--56:17},         
  YEAR={2017},      
}

@article{ahmed2017recognition,
  title = {Recognition of {A}lzheimer's disease and Mild Cognitive Impairment with multimodal image-derived biomarkers and Multiple Kernel Learning},
  journal = {Neurocomputing},
  volume = {220},
  pages = {98--110},
  year = {2017},
  author = {Olfa {Ben Ahmed} and Jenny Benois-Pineau and Michelle Allard and Gw{\'e}na{\"e}lle Catheline and Chokri {Ben Amar}},
}

@article{bigham2022features,
  title = {Features of the superficial white matter as biomarkers for the detection of {A}lzheimer's disease and mild cognitive impairment: A diffusion tensor imaging study},
  journal = {Heliyon},
  volume = {8},
  number = {1},
  pages = {e08725:1--e08725:9},
  year = {2022},
  author = {Bahare Bigham and Seyed Amir Zamanpour and Hoda Zare},
}

@article{de2021dti,
  title = {{DTI} based {A}lzheimer's disease classification with rank modulated fusion of {CNN}s and random forest},
  journal = {Expert Systems with Applications},
  volume = {169},
  pages = {114338:1--114338:12},
  year = {2021},
  author = {Arijit De and Ananda S. Chowdhury},
}


@article{duc20203d,
  title={{3D}-Deep Learning Based Automatic Diagnosis of {A}lzheimer's Disease with Joint {MMSE} Prediction Using Resting-State f{MRI}},
  author={Duc, Nguyen Thanh and Ryu, Seungjun and Qureshi, Muhammad Naveed Iqbal and Choi, Min and Lee, Kun Ho and Lee, Boreom},
  journal={Neuroinformatics},
  volume={18},
  number={1},
  pages={71--86},
  year={2020},
}

@article{bringas2020alzheimer,
  title = {Alzheimer's Disease stage identification using deep learning models},
  journal = {Journal of Biomedical Informatics},
  volume = {109},
  pages = {103514:1--103514:9},
  year = {2020},
  author = {Santos Bringas and Sergio Salom{\'o}n and Rafael Duque and Carmen Lage and Jos{\'e} Luis Monta{\~n}a},
}

@article{krizhevsky2012imagenet,
  title={Imagenet classification with deep convolutional neural networks},
  author={Krizhevsky, Alex and Sutskever, Ilya and Hinton, Geoffrey E},
  journal={Advances in Neural Information Processing Systems},
  volume={25},
  year={2012}
}

@online{simonyan2014very,
  title        = {Very deep convolutional networks for large-scale image recognition},
  author       = {Simonyan, Karen and Zisserman, Andrew},
  year         = {2014},
  url          = {https://doi.org/10.48550/arXiv.1409.1556},
  eprinttype   = {arXiv},
  eprintclass  = {cs.CV},
  eprint       = {1409.1556},
  pages={1--14},
}
@inproceedings{szegedy2015going,
  title={Going deeper with convolutions},
  author={Szegedy, Christian and Liu, Wei and Jia, Yangqing and Sermanet, Pierre and Reed, Scott and Anguelov, Dragomir and Erhan, Dumitru and Vanhoucke, Vincent and Rabinovich, Andrew},
  booktitle={IEEE Conference on Computer Vision and Pattern Recognition},
  pages={1--9},
  year={2015}
}
@inproceedings{szegedy2017inception,
  title={Inception-v4, inception-resnet and the impact of residual connections on learning},
  author={Szegedy, Christian and Ioffe, Sergey and Vanhoucke, Vincent and Alemi, Alexander A},
  booktitle={AAAI Conference on Artificial Intelligence},
  pages={1--7},
  year={2017}
}
@online{iandola2016squeezenet,
  title        = {{SqueezeNet}: {AlexNet}-level accuracy with 50x fewer parameters and{< 0.5 MB} model size},
  author       = {Iandola, Forrest N and Han, Song and Moskewicz, Matthew W and Ashraf, Khalid and Dally, William J and Keutzer, Kurt},
  year         = {2016},
  url          = {https://doi.org/10.48550/arXiv.1602.07360},
  eprinttype   = {arXiv},
  eprintclass  = {cs.CV},
  eprint       = {1602.07360},
  pages={1--13},
}

@article{wang2021joint,
  title={Joint learning of {3D} lesion segmentation and classification for explainable {COVID-19} diagnosis},
  author={Wang, Xiaofei and Jiang, Lai and Li, Liu and Xu, Mai and Deng, Xin and Dai, Lisong and Xu, Xiangyang and Li, Tianyi and Guo, Yichen and Wang, Zulin and others},
  journal={IEEE Transactions on Medical Imaging},
  volume={40},
  number={9},
  pages={2463--2476},
  year={2021}
}
@article{huang2020attention,
  title={Attention-diffusion-bilinear neural network for brain network analysis},
  author={Huang, Jiashuang and Zhou, Luping and Wang, Lei and Zhang, Daoqiang},
  journal={IEEE Transactions on Medical Imaging},
  volume={39},
  number={7},
  pages={2541--2552},
  year={2020}
}
@article{kam2019deep,
  title={Deep learning of static and dynamic brain functional networks for early {MCI} detection},
  author={Kam, Tae-Eui and Zhang, Han and Jiao, Zhicheng and Shen, Dinggang},
  journal={IEEE Transactions on Medical Imaging},
  volume={39},
  number={2},
  pages={478--487},
  year={2019}
}

@article{huynh2019multi,
  author={Huynh, Khoi Minh and Chen, Geng and Wu, Ye and Shen, Dinggang and Yap, Pew-Thian},
  journal={IEEE Transactions on Medical Imaging}, 
  title={Multi-Site Harmonization of Diffusion {MRI} Data via Method of Moments}, 
  year={2019},
  volume={38},
  number={7},
  pages={1599-1609},
 }

@article{kang2018deep,
  title={Deep convolutional framelet denosing for low-dose {CT} via wavelet residual network},
  author={Kang, Eunhee and Chang, Won and Yoo, Jaejun and Ye, Jong Chul},
  journal={IEEE Transactions on Medical Imaging},
  volume={37},
  number={6},
  pages={1358--1369},
  year={2018}
}

@article{sorensen2018ensemble,
title = {Ensemble support vector machine classification of dementia using structural {MRI} and mini-mental state examination},
journal = {Journal of Neuroscience Methods},
volume = {302},
pages = {66--74},
year = {2018},
author = {Lauge S{\o}rensen and Mads Nielsen},
}

@article{dimitriadis2018random,
title = {Random forest feature selection, fusion and ensemble strategy: Combining multiple morphological {MRI} measures to discriminate among healhy elderly, {MCI}, c{MCI} and {A}lzheimer's disease patients: From the {A}lzheimer's disease neuroimaging initiative ({ADNI}) database},
journal = {Journal of Neuroscience Methods},
volume = {302},
pages = {14--23},
year = {2018},
author = {S. I. Dimitriadis and Dimitris Liparas and Magda N. Tsolaki},
}

%--------------------------------------------paper4-----------------------------------------------------------


@phdthesis{徐守江,
  title={多模态信息融合的帕金森病机器学习分类预测模型研究},
  school={杭州师范大学},
  author={徐守江},
  year={2021},

}

@article{guoqing,
  title={中国健康服务业发展报告},
  author={郭清},
  journal={人民卫生出版社},
  pages={3--174},
  year={2014},
}
@article{wuliuxin,
  title={中国健康产业论坛发展报告},
  author={武留信},
  journal={中华健康管理学杂志},
  volume={2},
  number={5},
  pages={3},
  year={2008},
}
@article{pereira2019survey,
  title={A survey on computer-assisted {P}arkinson's disease diagnosis},
  author={Pereira, Clayton R and Pereira, Danilo R and Weber, Silke AT and Hook, Christian and De Albuquerque, Victor Hugo C and Papa, Joao P},
  journal={Artificial Intelligence in Medicine},
  volume={95},
  pages={48--63},
  year={2019}
}
@article{sivaranjini2020deep,
  title={Deep learning based diagnosis of {P}arkinson’s disease using convolutional neural network},
  author={Sivaranjini, S and Sujatha, CM},
  journal={Multimedia Tools and Applications},
  volume={79},
  number={21},
  pages={15467--15479},
  year={2020}
}
@article{prashanth2016high,
  title={High-accuracy detection of early {P}arkinson's disease through multimodal features and machine learning},
  author={Prashanth, R and Roy, Sumantra Dutta and Mandal, Pravat K and Ghosh, Shantanu},
  journal={International Journal of Medical Informatics},
  volume={90},
  pages={13--21},
  year={2016}
}
@article{vaiciukynas2017detecting,
  title={Detecting {P}arkinson’s disease from sustained phonation and speech signals},
  author={Vaiciukynas, Evaldas and Verikas, Antanas and Gelzinis, Adas and Bacauskiene, Marija},
  journal={PloS One},
  volume={12},
  number={10},
  pages={e0185613:1--e0185613:16},
  year={2017}
}
@article{naranjo2016addressing,
  title={Addressing voice recording replications for {P}arkinson’s disease detection},
  author={Naranjo, Lizbeth and Perez, Carlos J and Campos-Roca, Yolanda and Martin, Jacinto},
  journal={Expert Systems with Applications},
  volume={46},
  pages={286--292},
  year={2016}
}
@article{masud2021crowd,
  title={CROWD: crow search and deep learning based feature extractor for classification of {P}arkinson’s disease},
  author={Masud, Mehedi and Singh, Parminder and Gaba, Gurjot Singh and Kaur, Avinash and Alroobaea, Roobaea and Alrashoud, Mubarak and Alqahtani, Salman Ali},
  journal={ACM Transactions on Internet Technology},
  volume={21},
  number={3},
  pages={1--18},
  year={2021}
}
@article{pahuja2022deep,
  title={Deep learning architectures for {P}arkinson's disease detection by using multi-modal features},
  author={Pahuja, Gunjan and Prasad, Bhanu},
  journal={Computers in Biology and Medicine},
  volume={146},
  pages={105610:1--105610:10},
  year={2022}
}
@article{sharanyaa2022optimized,
  title={Optimized Deep Learning for the Classification of {P}arkinson's Disease Based on Voice Features},
  author={Sharanyaa, S and Sambath, M and Renjith, PN},
  journal={Critical Reviews™ in Biomedical Engineering},
  volume={50},
  number={5},
  pages={1--28},
  year={2022}
}
@article{oh2020deep,
  title={A deep learning approach for {P}arkinson’s disease diagnosis from {EEG} signals},
  author={Oh, Shu Lih and Hagiwara, Yuki and Raghavendra, U and Yuvaraj, Rajamanickam and Arunkumar, N and Murugappan, M and Acharya, U Rajendra},
  journal={Neural Computing and Applications},
  volume={32},
  pages={10927--10933},
  year={2020}
}
@article{adams2021improved,
  title={Improved motor outcome prediction in {P}arkinson's disease applying deep learning to {DaTscan} {SPECT} images},
  author={Adams, Matthew P and Rahmim, Arman and Tang, Jing},
  journal={Computers in Biology and Medicine},
  volume={132},
  pages={104312:1--104312:8},
  year={2021}
}
@article{khoury2019data,
  title={Data-driven based approach to aid {P}arkinson’s disease diagnosis},
  author={Khoury, Nicolas and Attal, Ferhat and Amirat, Yacine and Oukhellou, Latifa and Mohammed, Samer},
  journal={Sensors},
  volume={19},
  number={2},
  pages={242:1--242:27},
  year={2019},
}

@incollection{al2021feature,
  title={Feature selection and classification using CatBoost method for improving the performance of predicting {P}arkinson’s disease},
  author={Al-Sarem, Mohammed and Saeed, Faisal and Boulila, Wadii and Emara, Abdel Hamid and Al-Mohaimeed, Muhannad and Errais, Mohammed},
  booktitle={Advances on Smart and Soft Computing},
  pages={189--199},
  year={2021}
}
@article{almeida2019detecting,
  title={Detecting {P}arkinson’s disease with sustained phonation and speech signals using machine learning techniques},
  author={Almeida, Jefferson S and Rebou{\c{c}}as Filho, Pedro P and Carneiro, Tiago and Wei, Wei and Dama{\v{s}}evi{\v{c}}ius, Robertas and Maskeli{\=u}nas, Rytis and de Albuquerque, Victor Hugo C},
  journal={Pattern Recognition Letters},
  volume={125},
  pages={55--62},
  year={2019}
}
@inproceedings{nahar2021feature,
  title={Feature Selection Based Machine Learning to Improve Prediction of {P}arkinson Disease},
  author={Nahar, Nazmun and Ara, Ferdous and Neloy, Md and Istiek, Arif and Biswas, Anik and Hossain, Mohammad Shahadat and Andersson, Karl},
  booktitle={International Conference on Brain Informatics},
  pages={496--508},
  year={2021}
}
@inproceedings{patra2019prediction,
  title={Prediction of {P}arkinson’s disease using Ensemble Machine Learning classification from acoustic analysis},
  author={Patra, Amit Kumar and Ray, Ratula and Abdullah, Azian Azamimi and Dash, Satya Ranjan},
  booktitle={Journal of Physics: Conference Series},
  volume={1372},
  number={1},
  pages={012041:1--012041:8},
  year={2019}
}
@article{wang2020early,
  title={Early detection of {P}arkinson’s disease using deep learning and machine learning},
  author={Wang, Wu and Lee, Junho and Harrou, Fouzi and Sun, Ying},
  journal={IEEE Access},
  volume={8},
  pages={147635--147646},
  year={2020}
}
@article{grover2018predicting,
  title={Predicting severity of {P}arkinson’s disease using deep learning},
  author={Grover, Srishti and Bhartia, Saloni and Yadav, Abhilasha and Seeja, KR and others},
  journal={Procedia Computer Science},
  volume={132},
  pages={1788--1794},
  year={2018}
}

@article{bi2021novel,
  title={A novel {CERNNE} approach for predicting {P}arkinson’s Disease-associated genes and brain regions based on multimodal imaging genetics data},
  author={Bi, Xia-an and Hu, Xi and Xie, Yiming and Wu, Hao},
  journal={Medical Image Analysis},
  volume={67},
  pages={101830:1--101830:12},
  year={2021}
}
@article{kiryu2019deep,
  title={Deep learning to differentiate {P}arkinsonian disorders separately using single midsagittal {MR} imaging: a proof of concept study},
  author={Kiryu, Shigeru and Yasaka, Koichiro and Akai, Hiroyuki and Nakata, Yasuhiro and Sugomori, Yusuke and Hara, Seigo and Seo, Maria and Abe, Osamu and Ohtomo, Kuni},
  journal={European Radiology},
  volume={29},
  number={12},
  pages={6891--6899},
  year={2019}
}

@article{prashanth2016high2,
  title={High-accuracy classification of {P}arkinson's disease through shape analysis and surface fitting in {123I-Ioflupane} {SPECT} imaging},
  author={Prashanth, R and Roy, Sumantra Dutta and Mandal, Pravat K and Ghosh, Shantanu},
  journal={IEEE Journal of Biomedical and Health Informatics},
  volume={21},
  number={3},
  pages={794--802},
  year={2016}
}

@article{lei2017joint,
  title={Joint detection and clinical score prediction in {P}arkinson's disease via multi-modal sparse learning},
  author={Lei, Haijun and Huang, Zhongwei and Zhang, Jian and Yang, Zhang and Tan, Ee-Leng and Zhou, Feng and Lei, Baiying},
  journal={Expert Systems with Applications},
  volume={80},
  pages={284--296},
  year={2017}
}
@inproceedings{khoury2018cdtw,
  title={{CDTW-based} classification for {P}arkinson's Disease diagnosis},
  author={Khoury, Nicolas and Attal, Ferhat and Amirat, Yacine and Chibani, Abdelghani and Mohammed, Samer},
  booktitle={European Symposium on Artificial Neural Networks},
  pages={621--626},
  year={2018}
}
@article{prince2018multi,
  title={Multi-source ensemble learning for the remote prediction of {P}arkinson's disease in the presence of source-wise missing data},
  author={Prince, John and Andreotti, Fernando and De Vos, Maarten},
  journal={IEEE Transactions on Biomedical Engineering},
  volume={66},
  number={5},
  pages={1402--1411},
  year={2018}
}




%--------------------------------------------paper5-----------------------------------------------------------

@article{greenwade93,
    author  = {George D. Greenwade},
    title   = {The {C}omprehensive {T}ex {A}rchive {N}etwork ({CTAN})},
    year    = {1993},
    journal = {TUGBoat},
    volume  = {14},
    number  = {3},
    pages   = {342--351}
}
@inproceedings{2020Comparison,
  title={Comparison of Machine learning models for {P}arkinson's Disease prediction},
  author={ Kumar, T.  and  Sharma, P.  and  Prakash, N. },
  booktitle={IEEE Annual Ubiquitous Computing, Electronics and Mobile Communication Conference},
  year={2020},
}
@article{2020Development,
  title={Development of a depression in {P}arkinson's disease prediction model using machine learning},
  author={ Byeon, H. },
  journal={世界精神病学杂志},
  volume={10},
  number={10},
  pages={234-244},
  year={2020},
}
@article{2020Optimized,
  title={Optimized {ANFIS} Model Using Hybrid Metaheuristic Algorithms for {P}arkinson's Disease Prediction in IoT Environment},
  author={ El-Hasnony, I. M.  and  Barakat, S. I.  and  Mostafa, R. R. },
  journal={IEEE Access},
  volume={8},
  pages={119252-119270},
  year={2020},
}
@article{2005Fluorodopa,
  title={Fluorodopa {F} 18 Positron Emission Tomography and the Progression of {P}arkinson Disease},
  author={ Borghammer, P.  and  Kumakura, Y.  and  Cumming, P. },
  journal={JAMA Neurology},
  volume={62},
  number={9},
  pages={1480--1480},
  year={2005},
}
@inproceedings{2019Prediction,
  title={Prediction of individual progression rate in {P}arkinson's disease using clinical measures and biomechanical measures of gait and postural stability},
  author={ Raval, V.  and  Nguyen, K. P.  and  Gerald, A.  and  Dewey, R. B.  and  Montillo, A. },
  journal={IEEE International Conference on Acoustics, Speech and Signal Processing},
  pages={1319--1323},
  year={2020},
}
@article{2020Predicting,
  title={Predicting Longitudinal Disease Severity for Individuals with {P}arkinson's Disease using Functional {MRI} and Machine Learning Prognostic Models},
  author={ Nguyen, K. P.  and  Raval, V.  and  Treacher, A.  and  Mellema, C.  and  Montillo, A. },
  journal={BioRxiv},
  pages={1--13},
  year={2020},
}
@article{2021Alteration,
  title={Alteration of brain structural connectivity in progression of {P}arkinson's disease: A connectome-wide network analysis},
  author={ Yang, Y.  and  Ye, C.  and  Sun, J.  and  Liang, L.  and  Wu, T. },
  journal={NeuroImage: Clinical},
  volume={31},
  number={365},
  pages={102715:1--102715:11},
  year={2021},
}
@article{2020Predicting2,
  title={Predicting the progression of {P}arkinson's disease using conventional {MRI} and machine learning: An application of radiomic biomarkers in whole‐brain white matter},
  author={ Shu, Z.  and  Cui, S.  and  Wu, X.  and  Xu, Y.  and  Huang, P.  and  Pang, P.  and  Zhang, M. },
  journal={Magnetic Resonance in Medicine},
  volume={85},
  number={3},
  pages={1611--1624},
  year={2021},
}

@article{kuang2015comparison,
  title={Comparison between artificial neural network and partial least squares for on-line visible and near infrared spectroscopy measurement of soil organic carbon, pH and clay content},
  author={Kuang, Boyan and Tekin, Yucel and Mouazen, Abdul M},
  journal={Soil and Tillage Research},
  volume={146},
  pages={243--252},
  year={2015}
}
@article{2018A,
  title={A hybrid intelligent system for the prediction of {P}arkinson's Disease progression using machine learning techniques},
  author={ Nilashi, M.  and  Ibrahim, O.  and  Ahmadi, H.  and  Shahmoradi, L.  and  Farahmand, M. },
  journal={Biocybernetics and Biomedical Engineering},
  volume={38},
  number={1},
  pages={1--15},
  year={2018},
}
@article{2020Machine,
  title={Machine learning methods for optimal prediction of motor outcome in {P}arkinson's disease},
  author={ Salmanpour, M. R.  and  Shamsaei, M.  and  Saberi, A.  and  Klyuzhin, I. S.  and  Rahmim, A. },
  journal={Physica Medica},
  volume={69},
  pages={233-240},
  year={2020},
}
@article{sadek2019parkinson,
  title={Parkinson's disease prediction using artificial neural network},
  author={Sadek, Ramzi M and Mohammed, Salah A and Abunbehan, Abdul Rahman K and Ghattas, Abdul Karim H Abdul and Badawi, Majed R and Mortaja, Mohamed N and Abu-Nasser, Bassem S and Abu-Naser, Samy S},
  journal = {International Journal of Academic Health and Medical Research },
  number = {1},
  pages = {1--8},
  volume = {3},
  year={2019}
}
@article{hill2017parkinson,
  title={Parkinson's disease and {P}arkinson's disease medications have distinct signatures of the gut microbiome},
  author={Hill-Burns, Erin M and Debelius, Justine W and Morton, James T and Wissemann, William T and Lewis, Matthew R and Wallen, Zachary D and Peddada, Shyamal D and Factor, Stewart A and Molho, Eric and Zabetian, Cyrus P and others},
  journal={Movement Disorders},
  volume={32},
  number={5},
  pages={739--749},
  year={2017}
}
@article{oosterwijk2018anxiety,
  title={Anxiety in {P}arkinson's disease is associated with reduced structural covariance of the striatum},
  author={Oosterwijk, Caroline S and Vriend, Chris and Berendse, Henk W and van der Werf, Ysbrand D and van den Heuvel, Odile A},
  journal={Journal of Affective Disorders},
  volume={240},
  pages={113--120},
  year={2018}
}
@article{vu2012progression,
  title={Progression of motor and nonmotor features of {P}arkinson's disease and their response to treatment},
  author={Vu, Thuy C and Nutt, John G and Holford, Nicholas HG},
  journal={British Journal of Clinical Pharmacology},
  volume={74},
  number={2},
  pages={267--283},
  year={2012}
}
@inproceedings{arias2016parkinson,
  title={Parkinson's Disease Progression Assessment from Speech Using {GMM-UBM}},
  author={Arias-Vergara, Tomas and V{\'a}squez-Correa, Juan Camilo and Orozco-Arroyave, Juan Rafael and Vargas-Bonilla, Jes{\'u}s Francisco and N{\"o}th, Elmar},
  booktitle={Interspeech},
  pages={1933--1937},
  year={2016}
}
@article{goetz2004movement,
  title={Movement Disorder Society Task Force report on the Hoehn and Yahr staging scale: status and recommendations the Movement Disorder Society Task Force on rating scales for {P}arkinson's disease},
  author={Goetz, Christopher G and Poewe, Werner and Rascol, Olivier and Sampaio, Cristina and Stebbins, Glenn T and Counsell, Carl and Giladi, Nir and Holloway, Robert G and Moore, Charity G and Wenning, Gregor K and others},
  journal={Movement Disorders},
  volume={19},
  number={9},
  pages={1020--1028},
  year={2004}
}
@article{lijin2016,
  title={早期与中晚期帕金森病患者非运动症状的比较研究简},
  author={李静 and 陈为安 and 张旭 and 童秋玲},
  journal={中国全科医学},
  number={34},
  pages={4201--4204},
  year={2016}
}
@article{cummings2011role,
  title={The role of dopaminergic imaging in patients with symptoms of dopaminergic system neurodegeneration},
  author={Cummings, Jeffrey L and Henchcliffe, Claire and Schaier, Sharon and Simuni, Tanya and Waxman, Alan and Kemp, Paul},
  journal={Brain},
  volume={134},
  number={11},
  pages={3146--3166},
  year={2011}
}
@article{booth2015role,
  title={The role of functional dopamine-transporter {SPECT} imaging in {P}arkinsonian syndromes, part 1},
  author={Booth, TC and Nathan, M and Waldman, AD and Quigley, A-M and Schapira, AH and Buscombe, J},
  journal={American Journal of Neuroradiology},
  volume={36},
  number={2},
  pages={229--235},
  year={2015}
}
@article{adams2017high,
  title={High-accuracy detection of early {P}arkinson's Disease using multiple characteristics of finger movement while typing},
  author={Adams, Warwick R},
  journal={PloS One},
  volume={12},
  number={11},
  pages={e0188226:1--e0188226:20},
  year={2017}
}
@article{schrag2015prediagnostic,
  title={Prediagnostic presentations of {P}arkinson's disease in primary care: a case-control study},
  author={Schrag, Anette and Horsfall, Laura and Walters, Kate and Noyce, Alastair and Petersen, Irene},
  journal={The Lancet Neurology},
  volume={14},
  number={1},
  pages={57--64},
  year={2015}
}
@article{pagan2012improving,
  title={Improving outcomes through early diagnosis of {P}arkinson's disease},
  author={Pagan, Fernando L},
  journal={American Journal of Managed Care},
  volume={18},
  number={7},
  pages={S176:1--S176:7},
  year={2012}
}

@inproceedings{lei2018longitudinal,
  title={Longitudinal and multi-modal data learning via joint embedding and sparse regression for {P}arkinson’s disease diagnosis},
  author={Lei, Haijun and Huang, Zhongwei and Elazab, Ahmed and Li, Hancong and Lei, Baiying},
  booktitle={International Workshop on Machine Learning in Medical Imaging},
  pages={310--318},
  year={2018}
}

@article{chougar2021automated,
  title={Automated categorization of {P}arkinsonian syndromes using magnetic resonance imaging in a clinical setting},
  author={Chougar, Lydia and Faouzi, Johann and Pyatigorskaya, Nadya and Yahia-Cherif, Lydia and Gaurav, Rahul and Biondetti, Emma and Villotte, Marie and Valabregue, Romain and Corvol, Jean-christophe and Brice, Alexis and others},
  journal={Movement Disorders},
  volume={36},
  number={2},
  pages={460--470},
  year={2021}
}
@article{yangyifeng2020,
  title={基于磁共振图像的帕金森病计算机辅助诊断研究进展},
  author={杨一风 and 胡颖 and 聂生东},
  journal={中国生物医学工程学报},
  volume={39},
  number={5},
  pages={603--610},
  year={2020}
}
@article{wee2011enriched,
  title={Enriched white matter connectivity networks for accurate identification of {MCI} patients},
  author={Wee, Chong-Yaw and Yap, Pew-Thian and Li, Wenbin and Denny, Kevin and Browndyke, Jeffrey N and Potter, Guy G and Welsh-Bohmer, Kathleen A and Wang, Lihong and Shen, Dinggang},
  journal={Neuroimage},
  volume={54},
  number={3},
  pages={1812--1822},
  year={2011}
}
@article{shin2021cortical,
  title={Cortical thickness from {MRI} to predict conversion from mild cognitive impairment to dementia in {P}arkinson disease: a machine learning--based model},
  author={Shin, Na-Young and Bang, Mirim and Yoo, Sang-Won and Kim, Joong-Seok and Yun, Eunkyeong and Yoon, Uicheul and Han, Kyunghwa and Ahn, Kook Jin and Lee, Seung-Koo},
  journal={Radiology},
  volume={300},
  number={2},
  pages={390--399},
  year={2021}
}
@article{solana2021classification,
  title={Classification of {PPMI} {MRI} scans with voxel-based morphometry and machine learning to assist in the diagnosis of {P}arkinson’s disease},
  author={Solana-Lavalle, Gabriel and Rosas-Romero, Roberto},
  journal={Computer Methods and Programs in Biomedicine},
  volume={198},
  pages={105793:1--105793:15},
  year={2021}
}
@article{wakiya2021prediction,
  title={Prediction of massive bleeding in pancreatic surgery based on preoperative patient characteristics using a decision tree},
  author={Wakiya, Taiichi and Ishido, Keinosuke and Kimura, Norihisa and Nagase, Hayato and Kubota, Shunsuke and Fujita, Hiroaki and Hagiwara, Yusuke and Kanda, Taishu and Matsuzaka, Masashi and Sasaki, Yoshihiro and others},
  journal={PloS One},
  volume={16},
  number={11},
  pages={e0259682:1--e0259682:14},
  year={2021}
}

@inproceedings{jenipher2021svm,
  title={{SVM} Kernel Methods with Data Normalization for Lung Cancer Survivability Prediction Application},
  author={Jenipher, V Nisha and Radhika, S},
  booktitle={International Conference on Intelligent Communication Technologies and Virtual Mobile Networks},
  pages={1294--1299},
  year={2021}
}
@article{2021Ensembling,
  title={Ensembling of {SVM} and Decision Tree for Prediction of Heart Disease},
  author={ Chandini, R.  and  Rao, K. V. },
  journal={International Journal of Engineering Research and Technology},
  number={10},
  pages={298--301},
  year={2021},
}
@inproceedings{0Prediction,
  title={Prediction of Heart Disease Using Naive Bayes in Comparison with {KNN} Based on Accuracy},
  author={ Thummala, Gunasekhar Reddy  and  Baskar, Radhika  and  Thiyaneswaran, N. },
  pages={1-4},
  booktitle={International Conference on Cyber Resilience },
  year={2022},
}
@inproceedings{papasani2021parkinson,
  title={Parkinson’s Neurodegenerative Disease Prediction with Robust Methods Of Machine Learning},
  author={Papasani, Anusha and Devarakonda, Nagaraju and Polkowski, Zdzislaw},
  booktitle={International Conference on Electrical, Computer and Communication Technologies},
  pages={1--8},
  year={2021}
}
@article{patel2021artificial,
  title={Artificial intelligence for early prediction of treatment response in glioblastoma},
  author={Patel, Markand and Zhan, Jinfeng and Natarajan, Kal and Flintham, Robert and Davies, Nigel and Sanghera, Paul and Grist, James and Duddalwar, Vinay and Peet, Andrew and Sawlani, Vijay},
  journal={Neuro-Oncology},
  volume={23},
  number={Supplement\_4},
  pages={iv1:1--iv1:1},
  year={2021}
}
@article{ai2022machine,
  title={Machine learning-assisted ensemble analysis for the prediction of urinary tract infection in elderly patients with ovarian cancer after cytoreductive surgery},
  author={Ai, Jiao and Hu, Yao and Zhou, Fang-Fang and Liao, Yi-Xiang and Yang, Tao},
  journal={World Journal of Clinical Oncology},
  volume={13},
  number={12},
  pages={967--979},
  year={2022}
}
@inproceedings{anisha2020early,
  title={Early Prediction of {P}arkinson's Disease ({PD}) Using Ensemble Classifiers},
  author={Anisha, CD and Arulanand, N},
  booktitle={International Conference on Innovative Trends in Information Technology},
  pages={1--6},
  year={2020}
}
@article{lee2022predicting,
  title={Predicting {P}arkinson's disease using gradient boosting decision tree models with electroencephalography signals},
  author={Lee, Seung-Bo and Kim, Yong-Jeong and Hwang, Sungeun and Son, Hyoshin and Lee, Sang Kun and Park, Kyung-Il and Kim, Young-Gon},
  journal={Parkinsonism and Related Disorders},
  volume={95},
  pages={77--85},
  year={2022}
}
@article{thenganatt2014parkinson,
  title={Parkinson disease subtypes},
  author={Thenganatt, Mary Ann and Jankovic, Joseph},
  journal={JAMA neurology},
  volume={71},
  number={4},
  pages={499--504},
  year={2014}
}
@article{post2008clinical,
  title={Clinical heterogeneity in newly diagnosed {P}arkinson’s disease},
  author={Post, Bart and Speelman, Johannes D and De Haan, Rob J},
  journal={Journal of Neurology},
  volume={255},
  number={5},
  pages={716--722},
  year={2008}
}
@article{rajput2009course,
  title={Course in {P}arkinson disease subtypes: a 39-year clinicopathologic study},
  author={Rajput, AH and Voll, A and Rajput, ML and Robinson, CA and Rajput, A},
  journal={Neurology},
  volume={73},
  number={3},
  pages={206--212},
  year={2009}
}
@article{schwarz2013diffusion,
  title={Diffusion tensor imaging of nigral degeneration in {P}arkinson's disease: a region-of-interest and voxel-based study at 3 {T} and systematic review with meta-analysis},
  author={Schwarz, Stefan T and others},
  journal={NeuroImage: Clinical},
  volume={3},
  pages={481--488},
  year={2013}
}
@article{2017Predicting,
  title={Predicting the multi-domain progression of {P}arkinson’s disease: a Bayesian multivariate generalized linear mixed-effect model},
  author={ Wang, M.  and  Li, Z.  and  Lee, E. Y.  and  Lewis, M. M.  and  Zhang, L. },
  journal={BMC Medical Research Methodology},
  volume={17},
  number={1},
  pages={147},
  year={2017},
}
@article{amandola2022longitudinal,
  title={Longitudinal corpus callosum microstructural decline in early-stage {P}arkinson’s disease in association with akinetic-rigid symptom severity},
  author={Amandola, Matthew and Sinha, Agniva and Amandola, Mark J and Leung, Hoi-Chung},
  journal={npj Parkinson's Disease},
  volume={8},
  number={1},
  pages={1--10},
  year={2022}
}
@article{agosta2015propagation,
  title={Propagation of pathology through brain networks in neurodegenerative diseases: from molecules to clinical phenotypes},
  author={Agosta, Federica and Weiler, Marina and Filippi, Massimo},
  journal={CNS Neuroscience and Therapeutics},
  volume={21},
  number={10},
  pages={754--767},
  year={2015}
}
@article{Aslantas2015A,
  title={A new image quality metric for image fusion: The sum of the correlations of differences},
  author={Aslantas and V. and Bendes and E.},
  journal={Aeu-international Journal of Electronics and Communications},
  year={2015},
  volume={69},
  number={12},
  pages={160--166}
}